{"gold_per_floor":[113,124,134,29,44,44,78,78,152,152,163,163,188,188,188,292,292,305,292,42,42,42,69,88,88,88,88,122,122,154,165,165,262,262,277,327,339,123,123,123,153,153,153,183,183,233,133,168,168,168,168,168,115,145,145],"floor_reached":55,"playtime":3857,"items_purged":["Blood for Blood+1","Clothesline"],"score":1291,"play_id":"66053b66-0543-4b5f-bf09-db467548579c","local_time":"20200819153640","is_ascension_mode":true,"campfire_choices":[{"data":"Blood for Blood","floor":6,"key":"SMITH"},{"data":"Cleave","floor":10,"key":"SMITH"},{"data":"Bash","floor":12,"key":"SMITH"},{"data":"Anger","floor":15,"key":"SMITH"},{"data":"Armaments","floor":25,"key":"SMITH"},{"data":"Armaments","floor":27,"key":"SMITH"},{"data":"Flame Barrier","floor":32,"key":"SMITH"},{"data":"True Grit","floor":40,"key":"SMITH"},{"data":"Impervious","floor":42,"key":"SMITH"},{"data":"Body Slam","floor":45,"key":"SMITH"},{"floor":49,"key":"RECALL"},{"data":"Impervious","floor":52,"key":"SMITH"}],"neow_cost":"NONE","seed_source_timestamp":582094602592100,"circlet_count":0,"master_deck":["AscendersBane","Defend_R","Defend_R","Defend_R","Bash+1","Cleave+1","Armaments+1","True Grit+1","Ghostly Armor","Power Through","Anger+1","Impervious+1","Body Slam+1","Armaments+1","Bite","Bite","Bite","Bite","Bite","Battle Trance","Flame Barrier+1","Offering","Body Slam+1","Second Wind+1","Body Slam","Impervious+1","Bloodletting+1","True Grit+1","Armaments"],"relics":["Burning Blood","StoneCalendar","Kunai","Oddly Smooth Stone","Sozu","Mercury Hourglass","MealTicket","Peace Pipe","Dream Catcher","Bag of Marbles","PreservedInsect","Runic Pyramid","Bird Faced Urn","Omamori","Darkstone Periapt","FossilizedHelix","Magic Flower","Bag of Preparation"],"potions_floor_usage":[13,33],"damage_taken":[{"damage":4,"enemies":"2 Louse","floor":1,"turns":4},{"damage":7,"enemies":"Small Slimes","floor":2,"turns":3},{"damage":9,"enemies":"Jaw Worm","floor":3,"turns":4},{"damage":8,"enemies":"3 Louse","floor":5,"turns":5},{"damage":32,"enemies":"Gremlin Nob","floor":7,"turns":4},{"damage":20,"enemies":"Exordium Wildlife","floor":11,"turns":3},{"damage":15,"enemies":"Lagavulin","floor":13,"turns":7},{"damage":40,"enemies":"The Guardian","floor":16,"turns":12},{"damage":18,"enemies":"Chosen","floor":18,"turns":7},{"damage":4,"enemies":"2 Thieves","floor":19,"turns":4},{"damage":16,"enemies":"Slavers","floor":23,"turns":7},{"damage":26,"enemies":"Snecko","floor":24,"turns":7},{"damage":26,"enemies":"Gremlin Leader","floor":28,"turns":10},{"damage":29,"enemies":"Slavers","floor":30,"turns":7},{"damage":0,"enemies":"Cultist and Chosen","floor":31,"turns":7},{"damage":40,"enemies":"Collector","floor":33,"turns":9},{"damage":0,"enemies":"3 Shapes","floor":35,"turns":5},{"damage":8,"enemies":"Mind Bloom Boss Battle","floor":36,"turns":7},{"damage":0,"enemies":"Orb Walker","floor":37,"turns":3},{"damage":19,"enemies":"Giant Head","floor":41,"turns":7},{"damage":22,"enemies":"Reptomancer","floor":44,"turns":6},{"damage":13,"enemies":"2 Orb Walkers","floor":46,"turns":6},{"damage":0,"enemies":"Nemesis","floor":48,"turns":5},{"damage":45,"enemies":"Donu and Deca","floor":50,"turns":10},{"damage":39,"enemies":"Shield and Spear","floor":54,"turns":6},{"damage":57,"enemies":"The Heart","floor":55,"turns":8}],"seed_played":"3811915180591370085","potions_obtained":[{"floor":2,"key":"Ancient Potion"},{"floor":11,"key":"Ancient Potion"}],"is_trial":false,"path_per_floor":["M","M","M","$","M","R","E","?","T","R","M","R","E","?","R","B",null,"M","M","$","?","?","E","M","R","T","R","E","?","E","M","R","B",null,"M","?","M","$","?","R","E","R","T","E","R","?","$","E","R","B",null,"R","$","E","B"],"character_chosen":"IRONCLAD","items_purchased":["Armaments","True Grit","Mercury Hourglass","Impervious","Armaments"],"campfire_rested":0,"item_purchase_floors":[4,4,20,38,53],"current_hp_per_floor":[74,73,70,70,68,68,42,68,68,68,54,54,45,45,45,11,63,51,53,53,53,53,54,42,42,42,42,46,46,32,53,53,31,50,56,56,56,56,56,56,54,54,54,51,51,56,56,56,56,42,53,53,56,42,9],"gold":145,"neow_bonus":"TRANSFORM_CARD","is_prod":false,"is_daily":false,"chose_seed":false,"campfire_upgraded":11,"win_rate":0,"timestamp":1597869400,"path_taken":["M","M","M","$","M","R","E","?","T","R","M","R","E","?","R","BOSS","M","M","$","?","?","E","?","R","T","R","E","?","E","M","R","BOSS","M","?","M","$","?","R","E","R","T","E","R","?","$","E","R","BOSS","R","$","E","BOSS"],"build_version":"2020-07-30","purchased_purges":2,"victory":false,"max_hp_per_floor":[80,80,80,80,80,80,80,80,80,80,80,80,80,80,80,80,80,80,80,80,80,56,56,56,56,56,56,56,56,56,56,56,56,56,56,56,56,56,56,56,56,56,56,56,56,56,56,56,56,56,56,56,56,56,56],"card_choices":[{"not_picked":["Perfected Strike","Body Slam","Burning Pact"],"picked":"SKIP","floor":1},{"not_picked":["Fire Breathing","Power Through"],"picked":"Cleave","floor":2},{"not_picked":["Perfected Strike","Wild Strike","Dropkick"],"picked":"SKIP","floor":3},{"not_picked":["Thunderclap","Searing Blow"],"picked":"Ghostly Armor","floor":5},{"not_picked":["Twin Strike","Bloodletting"],"picked":"Clothesline","floor":7},{"not_picked":["Burning Pact","Dual Wield"],"picked":"Power Through","floor":11},{"not_picked":["Juggernaut","True Grit"],"picked":"Anger","floor":13},{"not_picked":["Fiend Fire","Demon Form"],"picked":"Impervious","floor":16},{"not_picked":["Carnage","Clash"],"picked":"Body Slam+1","floor":18},{"not_picked":["Dual Wield","Twin Strike+1"],"picked":"Armaments","floor":19},{"not_picked":["Clash","Headbutt"],"picked":"Battle Trance","floor":23},{"not_picked":["Armaments","Havoc","Iron Wave"],"picked":"SKIP","floor":24},{"not_picked":["Limit Break","Rage+1","Perfected Strike"],"picked":"SKIP","floor":28},{"not_picked":["Iron Wave","Headbutt","Cleave+1"],"picked":"SKIP","floor":30},{"not_picked":["Clash","True Grit","Seeing Red"],"picked":"SKIP","floor":31},{"not_picked":["Feed","Brutality"],"picked":"Offering","floor":33},{"not_picked":["Entrench","Hemokinesis"],"picked":"Body Slam","floor":35},{"not_picked":["Warcry","Sword Boomerang"],"picked":"Second Wind+1","floor":36},{"not_picked":["Clothesline","Twin Strike+1"],"picked":"Body Slam","floor":37},{"not_picked":["Sword Boomerang+1","Metallicize","Dual Wield"],"picked":"SKIP","floor":41},{"not_picked":["Pommel Strike","Thunderclap"],"picked":"Bloodletting+1","floor":44},{"not_picked":["Juggernaut","Burning Pact+1"],"picked":"True Grit+1","floor":46},{"not_picked":["Twin Strike+1","Spot Weakness+1","Havoc"],"picked":"SKIP","floor":48},{"not_picked":["Pommel Strike","Warcry","Wild Strike"],"picked":"SKIP","floor":54}],"player_experience":373598,"relics_obtained":[{"floor":7,"key":"StoneCalendar"},{"floor":9,"key":"Kunai"},{"floor":13,"key":"Oddly Smooth Stone"},{"floor":23,"key":"Peace Pipe"},{"floor":26,"key":"Dream Catcher"},{"floor":28,"key":"Bag of Marbles"},{"floor":30,"key":"PreservedInsect"},{"floor":36,"key":"Bird Faced Urn"},{"floor":41,"key":"Omamori"},{"floor":44,"key":"Darkstone Periapt"},{"floor":46,"key":"FossilizedHelix"},{"floor":48,"key":"Magic Flower"},{"floor":54,"key":"Bag of Preparation"}],"event_choices":[{"damage_healed":26,"gold_gain":0,"player_choice":"Banana","damage_taken":0,"max_hp_gain":0,"max_hp_loss":0,"event_name":"Big Fish","floor":8,"gold_loss":0},{"damage_healed":0,"gold_gain":0,"player_choice":"Ignored","damage_taken":0,"max_hp_gain":0,"max_hp_loss":0,"event_name":"Liars Game","floor":14,"gold_loss":0},{"damage_healed":0,"gold_gain":0,"player_choice":"Opened","damage_taken":0,"relics_obtained":["MealTicket"],"max_hp_gain":0,"max_hp_loss":0,"event_name":"The Mausoleum","floor":21,"gold_loss":0},{"damage_healed":0,"gold_gain":0,"player_choice":"Became a vampire","damage_taken":0,"max_hp_gain":0,"max_hp_loss":24,"event_name":"Vampires","floor":22,"gold_loss":0,"cards_obtained":["Bite","Bite","Bite","Bite","Bite"]},{"damage_healed":0,"gold_gain":0,"player_choice":"Read","damage_taken":0,"max_hp_gain":0,"max_hp_loss":0,"event_name":"The Library","floor":29,"gold_loss":0,"cards_obtained":["Flame Barrier"]},{"damage_healed":0,"gold_gain":0,"player_choice":"Fight","damage_taken":0,"max_hp_gain":0,"max_hp_loss":0,"event_name":"MindBloom","floor":36,"gold_loss":0},{"cards_removed":["Defend_R"],"damage_healed":0,"gold_gain":0,"player_choice":"Removed Skill","damage_taken":0,"max_hp_gain":0,"max_hp_loss":0,"event_name":"Falling","floor":39,"gold_loss":0},{"damage_healed":0,"gold_gain":0,"player_choice":"Fight","damage_taken":0,"max_hp_gain":0,"max_hp_loss":0,"event_name":"Mysterious Sphere","floor":46,"gold_loss":0}],"is_beta":false,"boss_relics":[{"not_picked":["Ectoplasm","Busted Crown"],"picked":"Sozu"},{"not_picked":["Pandora\u0027s Box","SlaversCollar"],"picked":"Runic Pyramid"}],"items_purged_floors":[38,47],"is_endless":false,"potions_floor_spawned":[2,11,30,33,36,41],"killed_by":"The Heart","ascension_level":11}