{"gold_per_floor":[118,136,136,156,171,201,181,198,267,19,19,32,65,85,85,159,159,176,176,199,213,225,225,250,262,289,316,316,328,341,361,361,361],"floor_reached":33,"playtime":1930,"items_purged":[],"score":565,"play_id":"b4e90b7d-dba2-40e5-9294-e3748a90fa73","local_time":"20200827112040","is_ascension_mode":true,"campfire_choices":[{"data":"Rampage","floor":15,"key":"SMITH"},{"data":"Feed","floor":23,"key":"SMITH"},{"data":"Cleave","floor":32,"key":"SMITH"}],"neow_cost":"NONE","seed_source_timestamp":0,"circlet_count":0,"master_deck":["AscendersBane","Strike_R+1","Strike_R+1","Strike_R+1","Strike_R+1","Strike_R+1","Defend_R+1","Defend_R+1","Defend_R+1","Defend_R+1","Bash+1","Carnage","Rampage+1","Cleave+1","Headbutt","Uppercut","Power Through","Shrug It Off+1","True Grit+1","Feed+1","Havoc+1","Headbutt+1","Warcry+1"],"special_seed":0,"relics":["Burning Blood","Whetstone","Shuriken","Matryoshka","Toxic Egg 2","FossilizedHelix","Busted Crown","Omamori","Centennial Puzzle","Oddly Smooth Stone","Blood Vial","Lantern","Pear","WarpedTongs"],"potions_floor_usage":[8,13,24,33,33],"damage_taken":[{"damage":1.0,"enemies":"Cultist","floor":1.0,"turns":3.0},{"damage":0.0,"enemies":"2 Louse","floor":2.0,"turns":2.0},{"damage":0.0,"enemies":"Small Slimes","floor":4.0,"turns":3.0},{"damage":14.0,"enemies":"Exordium Thugs","floor":5.0,"turns":5.0},{"damage":40.0,"enemies":"3 Sentries","floor":6.0,"turns":7.0},{"damage":0,"enemies":"Lots of Slimes","floor":8,"turns":1},{"damage":8,"enemies":"Looter","floor":12,"turns":2},{"damage":16,"enemies":"Gremlin Nob","floor":13,"turns":3},{"damage":0,"enemies":"Blue Slaver","floor":14,"turns":3},{"damage":8,"enemies":"Slime Boss","floor":16,"turns":10},{"damage":13,"enemies":"3 Byrds","floor":18,"turns":6},{"damage":0,"enemies":"Spheric Guardian","floor":21,"turns":3},{"damage":16,"enemies":"Snake Plant","floor":22,"turns":5},{"damage":33,"enemies":"Slavers","floor":24,"turns":6},{"damage":0,"enemies":"Shelled Parasite and Fungi","floor":25,"turns":6},{"damage":28,"enemies":"Gremlin Leader","floor":27,"turns":8},{"damage":6,"enemies":"Cultist and Chosen","floor":29,"turns":4},{"damage":0,"enemies":"Snake Plant","floor":30,"turns":3},{"damage":0,"enemies":"Snecko","floor":31,"turns":4},{"damage":81,"enemies":"Automaton","floor":33,"turns":6}],"seed_played":"8900524124151070381","potions_obtained":[{"floor":1.0,"key":"ElixirPotion"},{"floor":2.0,"key":"Weak Potion"},{"floor":5.0,"key":"Strength Potion"},{"floor":7.0,"key":"DuplicationPotion"},{"floor":12,"key":"Strength Potion"},{"floor":18,"key":"DistilledChaos"},{"floor":30,"key":"AttackPotion"}],"is_trial":false,"path_per_floor":["M","M","?","M","M","E","?","M","T","$","$","M","E","M","R","B",null,"M","?","T","M","M","R","E","M","T","E","?","M","M","M","R","B"],"character_chosen":"IRONCLAD","items_purchased":["Toxic Egg 2"],"campfire_rested":0,"item_purchase_floors":[10],"current_hp_per_floor":[73,75,60,66,58,24,24,30,30,30,30,28,18,24,24,22,62,58,58,58,64,57,57,34,44,44,38,38,44,52,64,64,0],"gold":361,"neow_bonus":"RANDOM_COMMON_RELIC","is_prod":false,"is_daily":false,"chose_seed":false,"campfire_upgraded":3,"win_rate":0,"timestamp":1598545240,"path_taken":["M","?","?","M","M","E","?","?","T","?","$","M","E","?","R","BOSS","M","?","?","M","?","R","E","M","T","E","?","M","M","M","R","BOSS"],"build_version":"2020-07-30","purchased_purges":0,"victory":false,"max_hp_per_floor":[75,75,75,75,75,75,75,75,75,75,75,75,75,75,75,75,75,78,78,78,78,81,81,85,89,89,103,103,107,107,111,111,111],"card_choices":[{"not_picked":["Evolve","Pommel Strike"],"picked":"Carnage","floor":1.0},{"not_picked":["Seeing Red","Blood for Blood"],"picked":"Rampage","floor":2.0},{"not_picked":["Reckless Charge","True Grit"],"picked":"Cleave","floor":4.0},{"not_picked":["Blood for Blood","Iron Wave"],"picked":"Headbutt","floor":5.0},{"not_picked":["Cleave","Headbutt"],"picked":"Uppercut","floor":6.0},{"not_picked":["True Grit","Havoc"],"picked":"Power Through","floor":8},{"not_picked":["Carnage","Clash"],"picked":"Shrug It Off+1","floor":12},{"not_picked":["Bludgeon","Twin Strike","Evolve"],"picked":"SKIP","floor":13},{"not_picked":["Clothesline","Reckless Charge"],"picked":"True Grit+1","floor":14},{"not_picked":["Fiend Fire","Barricade"],"picked":"Feed","floor":16},{"not_picked":["Dark Embrace"],"picked":"SKIP","floor":18},{"not_picked":[],"picked":"Havoc+1","floor":21},{"not_picked":["Clothesline"],"picked":"SKIP","floor":22},{"not_picked":["Second Wind+1"],"picked":"SKIP","floor":24},{"not_picked":["Thunderclap"],"picked":"SKIP","floor":25},{"not_picked":["Burning Pact+1"],"picked":"SKIP","floor":27},{"not_picked":[],"picked":"Headbutt+1","floor":29},{"not_picked":[],"picked":"Warcry+1","floor":30},{"not_picked":["Cleave"],"picked":"SKIP","floor":31}],"player_experience":433447,"relics_obtained":[{"floor":6.0,"key":"Shuriken"},{"floor":9,"key":"Matryoshka"},{"floor":13,"key":"FossilizedHelix"},{"floor":20,"key":"Omamori"},{"floor":20,"key":"Centennial Puzzle"},{"floor":24,"key":"Oddly Smooth Stone"},{"floor":26,"key":"Blood Vial"},{"floor":26,"key":"Lantern"},{"floor":27,"key":"Pear"}],"event_choices":[{"damage_healed":0.0,"max_hp_gain":0.0,"max_hp_loss":0.0,"gold_gain":0.0,"event_name":"Shining Light","player_choice":"Entered Light","floor":3.0,"gold_loss":0.0,"damage_taken":15.0,"cards_upgraded":["Strike_R","Strike_R"]},{"damage_healed":0.0,"max_hp_gain":0.0,"max_hp_loss":0.0,"gold_gain":0.0,"event_name":"The Woman in Blue","player_choice":"Bought 1 Potion","floor":7.0,"gold_loss":0.0,"damage_taken":0.0},{"damage_healed":0,"gold_gain":0,"player_choice":"Simplicity","damage_taken":0,"max_hp_gain":0,"max_hp_loss":0,"event_name":"Back to Basics","floor":19,"gold_loss":0,"cards_upgraded":["Strike_R","Strike_R","Defend_R","Defend_R","Defend_R","Defend_R"]},{"damage_healed":0,"gold_gain":0,"player_choice":"Rummage","damage_taken":0,"relics_obtained":["WarpedTongs"],"max_hp_gain":0,"max_hp_loss":0,"event_name":"Accursed Blacksmith","floor":28,"gold_loss":0,"cards_obtained":["Pain"]}],"is_beta":false,"boss_relics":[{"not_picked":["Black Blood","Snecko Eye"],"picked":"Busted Crown"}],"items_purged_floors":[],"is_endless":false,"potions_floor_spawned":[1,2,5,12,18,22,30],"killed_by":"Automaton","ascension_level":14}