{"gold_per_floor":[118,118,133,133,143,143,175,175,250,250,284,303,61,76,76,172,172,191,191,191,207,222,222,255,255,281,331,344,363,399,349,349,445,445,470,137,180,199,224,224,258,258,258,299,319,353,372,386,386,386,386,386,13,47,47],"floor_reached":56,"playtime":2294,"items_purged":["Defend_R+1","Defend_R+1"],"score":2265,"play_id":"b473847f-2648-4f02-9c92-ea159321d434","local_time":"20200911215607","is_ascension_mode":true,"campfire_choices":[{"data":"Disarm","floor":6,"key":"SMITH"},{"data":"Spot Weakness","floor":8,"key":"SMITH"},{"data":"Uppercut","floor":15,"key":"SMITH"},{"data":"Uppercut","floor":23,"key":"SMITH"},{"data":"Disarm","floor":25,"key":"SMITH"},{"data":"Flex","floor":32,"key":"SMITH"},{"data":"Whirlwind","floor":40,"key":"SMITH"},{"data":"Perfected Strike","floor":42,"key":"SMITH"},{"floor":49,"key":"RECALL"},{"data":"Heavy Blade","floor":52,"key":"SMITH"}],"neow_cost":"NONE","seed_source_timestamp":307381344883100,"circlet_count":0,"master_deck":["AscendersBane","Strike_R+1","Strike_R+1","Strike_R+1","Strike_R+1","Strike_R+1","Defend_R+1","Defend_R+1","Bash+1","Perfected Strike+1","Wild Strike","Disarm+1","Spot Weakness+1","Twin Strike","Perfected Strike+1","Uppercut+1","Flex+1","Demon Form","Thunderclap+1","Necronomicurse","Disarm+1","Uppercut+1","Spot Weakness","Twin Strike+1","Flex+1","Limit Break","Disarm+1","Heavy Blade+1","Whirlwind+1","Perfected Strike+1","Perfected Strike","Spot Weakness+1","Twin Strike+1","Carnage","Perfected Strike"],"relics":["Burning Blood","Orichalcum","Smiling Mask","Gambling Chip","InkBottle","Golden Idol","Whetstone","DollysMirror","Philosopher\u0027s Stone","Necronomicon","Lantern","Centennial Puzzle","Happy Flower","Snecko Eye","Toolbox","Anchor","Vajra","Omamori","Juzu Bracelet","Pantograph","Strawberry"],"potions_floor_usage":[16,28,45,55],"damage_taken":[{"damage":0,"enemies":"2 Louse","floor":1,"turns":3},{"damage":6,"enemies":"Small Slimes","floor":3,"turns":3},{"damage":0,"enemies":"Cultist","floor":5,"turns":2},{"damage":22,"enemies":"Lagavulin","floor":7,"turns":5},{"damage":12,"enemies":"3 Sentries","floor":11,"turns":8},{"damage":2,"enemies":"Looter","floor":12,"turns":2},{"damage":4,"enemies":"3 Louse","floor":14,"turns":3},{"damage":11,"enemies":"Hexaghost","floor":16,"turns":6},{"damage":8,"enemies":"Chosen","floor":18,"turns":2},{"damage":6,"enemies":"2 Thieves","floor":21,"turns":2},{"damage":0,"enemies":"Shelled Parasite and Fungi","floor":22,"turns":1},{"damage":3,"enemies":"Book of Stabbing","floor":24,"turns":3},{"damage":0,"enemies":"3 Cultists","floor":28,"turns":3},{"damage":0,"enemies":"Snecko","floor":29,"turns":1},{"damage":6,"enemies":"Gremlin Leader","floor":30,"turns":2},{"damage":32,"enemies":"Collector","floor":33,"turns":4},{"damage":1,"enemies":"Orb Walker","floor":35,"turns":2},{"damage":12,"enemies":"3 Shapes","floor":37,"turns":2},{"damage":0,"enemies":"3 Darklings","floor":38,"turns":2},{"damage":0,"enemies":"Sphere and 2 Shapes","floor":39,"turns":1},{"damage":0,"enemies":"Giant Head","floor":41,"turns":2},{"damage":0,"enemies":"Reptomancer","floor":44,"turns":2},{"damage":0,"enemies":"Transient","floor":45,"turns":5},{"damage":0,"enemies":"Giant Head","floor":46,"turns":4},{"damage":0,"enemies":"Maw","floor":47,"turns":2},{"damage":14,"enemies":"4 Shapes","floor":48,"turns":3},{"damage":24,"enemies":"Time Eater","floor":50,"turns":4},{"damage":4,"enemies":"Shield and Spear","floor":54,"turns":2},{"damage":57,"enemies":"The Heart","floor":55,"turns":5}],"seed_played":"-6814055631489029212","potions_obtained":[{"floor":3,"key":"BlessingOfTheForge"},{"floor":7,"key":"DuplicationPotion"},{"floor":11,"key":"PowerPotion"},{"floor":18,"key":"Weak Potion"},{"floor":22,"key":"LiquidMemories"},{"floor":29,"key":"SkillPotion"},{"floor":39,"key":"SteroidPotion"},{"floor":54,"key":"Fruit Juice"}],"is_trial":false,"path_per_floor":["M","?","M","?","M","R","E","R","T","?","E","M","$","M","R","B",null,"M","?","?","M","M","R","E","R","T","?","M","M","E","$","R","B",null,"M","$","M","M","M","R","E","R","T","E","M","E","M","M","R","B",null,"R","$","E","B",null],"character_chosen":"IRONCLAD","items_purchased":["DollysMirror","Uppercut","Toolbox","Anchor","Pantograph","Perfected Strike"],"campfire_rested":0,"item_purchase_floors":[13,13,36,36,53,53],"current_hp_per_floor":[74,63,63,63,69,69,53,53,53,53,47,51,51,53,53,48,63,61,61,40,40,46,46,49,49,49,49,55,61,61,61,61,35,60,65,65,59,65,68,68,68,68,68,68,68,68,68,60,60,42,62,62,62,71,24],"gold":47,"neow_bonus":"RANDOM_COMMON_RELIC","is_prod":false,"is_daily":false,"chose_seed":false,"campfire_upgraded":9,"win_rate":0,"timestamp":1599879367,"path_taken":["M","?","M","?","?","R","E","R","T","?","E","M","$","M","R","BOSS","M","?","?","M","M","R","E","R","T","?","M","M","E","$","R","BOSS","M","$","M","?","M","R","E","R","T","E","?","E","M","M","R","BOSS","R","$","E","BOSS"],"build_version":"2020-07-30","purchased_purges":2,"victory":true,"max_hp_per_floor":[75,75,75,75,75,75,75,75,75,68,68,68,68,68,68,68,68,68,68,68,68,68,68,68,68,68,68,68,68,68,68,68,68,68,68,68,68,68,68,68,68,68,68,68,68,68,68,68,68,68,68,68,68,75,75],"card_choices":[{"not_picked":["Wild Strike","Flex"],"picked":"Perfected Strike","floor":1},{"not_picked":["Dual Wield","Evolve"],"picked":"Wild Strike","floor":3},{"not_picked":["Bloodletting","Havoc"],"picked":"Disarm","floor":5},{"not_picked":["Twin Strike","Dark Embrace"],"picked":"Spot Weakness","floor":7},{"not_picked":["Power Through","Demon Form"],"picked":"Twin Strike","floor":11},{"not_picked":["Intimidate","Iron Wave","Searing Blow"],"picked":"SKIP","floor":12},{"not_picked":["Rupture","Rampage"],"picked":"Flex","floor":14},{"not_picked":["Barricade","Impervious"],"picked":"Demon Form","floor":16},{"not_picked":["Twin Strike","Armaments"],"picked":"Thunderclap+1","floor":18},{"not_picked":["Reckless Charge","Sentinel"],"picked":"Disarm","floor":21},{"not_picked":["Feed","Shrug It Off"],"picked":"Uppercut","floor":22},{"not_picked":["Combust+1","Sword Boomerang"],"picked":"Spot Weakness","floor":24},{"not_picked":["Armaments","Sever Soul"],"picked":"Twin Strike+1","floor":28},{"not_picked":["Bloodletting","Heavy Blade"],"picked":"Flex+1","floor":29},{"not_picked":["Rupture","Cleave","Feel No Pain"],"picked":"SKIP","floor":30},{"not_picked":["Juggernaut","Corruption"],"picked":"Limit Break","floor":33},{"not_picked":["Shrug It Off","Rampage"],"picked":"Disarm+1","floor":35},{"not_picked":["Anger+1","Armaments+1"],"picked":"Heavy Blade","floor":37},{"not_picked":["Twin Strike","Intimidate"],"picked":"Whirlwind","floor":38},{"not_picked":["Infernal Blade","Intimidate"],"picked":"Perfected Strike","floor":39},{"not_picked":["Dual Wield","Disarm"],"picked":"Perfected Strike","floor":41},{"not_picked":["Twin Strike","Corruption"],"picked":"Spot Weakness+1","floor":44},{"not_picked":["Thunderclap+1","Searing Blow","Dual Wield"],"picked":"SKIP","floor":45},{"not_picked":["Rage+1","Dark Embrace","Clothesline"],"picked":"SKIP","floor":46},{"not_picked":["Flex","Anger"],"picked":"Twin Strike+1","floor":47},{"not_picked":["Flex","Iron Wave+1"],"picked":"Carnage","floor":48},{"not_picked":["Body Slam+1","True Grit+1","Anger"],"picked":"SKIP","floor":54}],"player_experience":510791,"relics_obtained":[{"floor":7,"key":"Gambling Chip"},{"floor":9,"key":"InkBottle"},{"floor":11,"key":"Whetstone"},{"floor":20,"key":"Necronomicon"},{"floor":24,"key":"Lantern"},{"floor":26,"key":"Centennial Puzzle"},{"floor":30,"key":"Happy Flower"},{"floor":41,"key":"Vajra"},{"floor":44,"key":"Omamori"},{"floor":46,"key":"Juzu Bracelet"},{"floor":54,"key":"Strawberry"}],"event_choices":[{"damage_healed":0,"gold_gain":0,"player_choice":"Success","damage_taken":11,"relics_obtained":["Smiling Mask"],"max_hp_gain":0,"max_hp_loss":0,"event_name":"Scrap Ooze","floor":2,"gold_loss":0},{"damage_healed":0,"gold_gain":0,"player_choice":"Forge","damage_taken":0,"max_hp_gain":0,"max_hp_loss":0,"event_name":"Accursed Blacksmith","floor":4,"gold_loss":0,"cards_upgraded":["Perfected Strike"]},{"damage_healed":0,"gold_gain":0,"player_choice":"Lose Max HP","damage_taken":0,"relics_obtained":["Golden Idol"],"max_hp_gain":0,"max_hp_loss":7,"event_name":"Golden Idol","floor":10,"gold_loss":0},{"damage_healed":0,"gold_gain":0,"player_choice":"Simplicity","damage_taken":0,"max_hp_gain":0,"max_hp_loss":0,"event_name":"Back to Basics","floor":19,"gold_loss":0,"cards_upgraded":["Strike_R","Strike_R","Strike_R","Strike_R","Defend_R","Defend_R","Defend_R","Defend_R"]},{"damage_healed":0,"gold_gain":0,"player_choice":"Obtained Book","damage_taken":21,"max_hp_gain":0,"max_hp_loss":0,"event_name":"Cursed Tome","floor":20,"gold_loss":0},{"damage_healed":0,"gold_gain":50,"player_choice":"Pray","damage_taken":0,"max_hp_gain":0,"max_hp_loss":0,"event_name":"Golden Shrine","floor":27,"gold_loss":0}],"is_beta":false,"boss_relics":[{"not_picked":["Pandora\u0027s Box","Black Blood"],"picked":"Philosopher\u0027s Stone"},{"not_picked":["SacredBark","Mark of Pain"],"picked":"Snecko Eye"}],"items_purged_floors":[31,53],"is_endless":false,"potions_floor_spawned":[3,7,11,12,18,22,29,38,39,44,54],"ascension_level":16}