{"gold_per_floor":[109,123,140,140,159,159,185,185,185,185,204,238,238,255,255,359,359,369,388,406,207,220,220,146,178,205,205,233,233],"floor_reached":29,"playtime":864,"items_purged":[],"score":300,"play_id":"7536a107-5354-4b55-891c-f88479669055","local_time":"20200919130859","is_ascension_mode":false,"campfire_choices":[{"data":"Flex","floor":6,"key":"SMITH"},{"data":"Flex","floor":8,"key":"SMITH"},{"data":"Heavy Blade","floor":15,"key":"SMITH"},{"data":"Heavy Blade","floor":23,"key":"SMITH"}],"neow_cost":"NONE","seed_source_timestamp":968461586957200,"circlet_count":0,"master_deck":["Strike_R","Strike_R","Strike_R","Strike_R","Strike_R","Defend_R","Defend_R","Defend_R","Bash","Bloodletting","Pommel Strike","Flex+1","Flex+1","Blood for Blood","Heavy Blade+1","Demon Form","Thunderclap+1","Spot Weakness","Heavy Blade+1","Flex","Inflame","Flex+1"],"relics":["Burning Blood","NeowsBlessing","Pear","Thread and Needle","StoneCalendar","Shuriken","Velvet Choker","Chemical X","Question Card","Darkstone Periapt","Toxic Egg 2"],"potions_floor_usage":[12,28,28,28],"damage_taken":[{"damage":0,"enemies":"2 Louse","floor":1,"turns":1},{"damage":0,"enemies":"Cultist","floor":2,"turns":1},{"damage":0,"enemies":"Small Slimes","floor":3,"turns":1},{"damage":19,"enemies":"Gremlin Gang","floor":5,"turns":7},{"damage":29,"enemies":"Gremlin Nob","floor":7,"turns":4},{"damage":4,"enemies":"Red Slaver","floor":11,"turns":3},{"damage":22,"enemies":"Lagavulin","floor":12,"turns":5},{"damage":0,"enemies":"2 Fungi Beasts","floor":14,"turns":2},{"damage":8,"enemies":"Slime Boss","floor":16,"turns":6},{"damage":21,"enemies":"3 Byrds","floor":18,"turns":5},{"damage":14,"enemies":"2 Thieves","floor":19,"turns":3},{"damage":21,"enemies":"Shelled Parasite and Fungi","floor":20,"turns":3},{"damage":11,"enemies":"Snecko","floor":22,"turns":3},{"damage":29,"enemies":"Slavers","floor":25,"turns":4},{"damage":13,"enemies":"Book of Stabbing","floor":28,"turns":3},{"damage":17,"enemies":"Snake Plant","floor":29,"turns":1}],"seed_played":"6096661706680599772","potions_obtained":[{"floor":1,"key":"EssenceOfSteel"},{"floor":7,"key":"SteroidPotion"},{"floor":11,"key":"SneckoOil"},{"floor":19,"key":"FearPotion"},{"floor":20,"key":"Block Potion"},{"floor":28,"key":"LiquidBronze"}],"is_trial":false,"path_per_floor":["M","M","M","$","M","R","E","R","T","?","M","E","?","M","R","B",null,"M","M","M","$","M","R","$","E","T","T","E","M"],"character_chosen":"IRONCLAD","items_purchased":["Flex","Chemical X","Inflame"],"campfire_rested":0,"item_purchase_floors":[21,21,24],"current_hp_per_floor":[80,80,80,80,67,67,54,54,54,54,56,40,40,46,46,44,90,75,67,52,52,47,47,47,24,24,24,17,0],"gold":233,"neow_bonus":"THREE_ENEMY_KILL","is_prod":false,"is_daily":false,"chose_seed":false,"campfire_upgraded":4,"win_rate":0,"timestamp":1600538939,"path_taken":["M","M","M","$","M","R","E","R","T","?","?","E","?","?","R","BOSS","M","M","?","$","M","R","$","E","T","?","E","M"],"build_version":"2020-07-30","purchased_purges":0,"victory":false,"max_hp_per_floor":[80,80,80,80,80,80,90,90,90,90,90,90,90,90,90,90,90,90,90,90,90,90,90,90,90,90,90,90,90],"card_choices":[{"not_picked":["Sever Soul","Rupture"],"picked":"Bloodletting","floor":1},{"not_picked":["Combust","Twin Strike"],"picked":"Pommel Strike","floor":2},{"not_picked":["Clash","Combust","True Grit"],"picked":"SKIP","floor":3},{"not_picked":["Second Wind","Cleave"],"picked":"Flex","floor":5},{"not_picked":["Rage","Rampage"],"picked":"Flex","floor":7},{"not_picked":["Metallicize","Armaments","Anger"],"picked":"SKIP","floor":11},{"not_picked":["Armaments","True Grit","Power Through"],"picked":"SKIP","floor":12},{"not_picked":["Havoc","Sever Soul"],"picked":"Heavy Blade","floor":14},{"not_picked":["Corruption","Barricade"],"picked":"Demon Form","floor":16},{"not_picked":["Rampage","Rage"],"picked":"Thunderclap+1","floor":18},{"not_picked":["Sword Boomerang","Cleave"],"picked":"Spot Weakness","floor":19},{"not_picked":["Metallicize","Searing Blow"],"picked":"Heavy Blade","floor":20},{"not_picked":["Armaments","Disarm","Rupture+1"],"picked":"SKIP","floor":22},{"not_picked":["Sentinel","Demon Form"],"picked":"Flex+1","floor":25},{"not_picked":["Ghostly Armor+1","Evolve","Anger+1","Armaments+1"],"picked":"SKIP","floor":28}],"player_experience":599481,"relics_obtained":[{"floor":7,"key":"Pear"},{"floor":9,"key":"Thread and Needle"},{"floor":12,"key":"Shuriken"},{"floor":25,"key":"Question Card"},{"floor":27,"key":"Darkstone Periapt"},{"floor":28,"key":"Toxic Egg 2"}],"event_choices":[{"damage_healed":0,"gold_gain":0,"player_choice":"Gave Potion","damage_taken":0,"relics_obtained":["StoneCalendar"],"max_hp_gain":0,"max_hp_loss":0,"event_name":"WeMeetAgain","floor":10,"gold_loss":0},{"damage_healed":0,"gold_gain":0,"cards_transformed":["Defend_R"],"player_choice":"Transformed","damage_taken":0,"max_hp_gain":0,"max_hp_loss":0,"event_name":"Transmorgrifier","floor":13,"gold_loss":0,"cards_obtained":["Blood for Blood"]}],"is_beta":false,"boss_relics":[{"not_picked":["Runic Pyramid","Calling Bell"],"picked":"Velvet Choker"}],"items_purged_floors":[],"is_endless":false,"potions_floor_spawned":[1,7,11,19,20,28],"killed_by":"Snake Plant","ascension_level":0}