{"gold_per_floor":[113,131,145,165,165,165,196,196,220,230,264,280,306,44,44,118,118,132,47,72,72,72,107,119,148,148,148,148,182,201,221,221,299,299,314,294,313,324,335,364,364,390,390,406,417,452,452,463,463,463,463,463,90,115,115],"floor_reached":55,"playtime":3268,"items_purged":[],"score":1510,"play_id":"a80ee470-da9c-44ba-974a-fba9c3604ff6","local_time":"20200917170247","is_ascension_mode":true,"campfire_choices":[{"data":"Feed","floor":6.0,"key":"SMITH"},{"data":"Immolate","floor":8.0,"key":"SMITH"},{"data":"Armaments","floor":15.0,"key":"SMITH"},{"data":"Spot Weakness","floor":27.0,"key":"SMITH"},{"floor":32.0,"key":"REST"},{"data":"Demon Form","floor":41.0,"key":"SMITH"},{"floor":47.0,"key":"REST"},{"floor":49.0,"key":"RECALL"},{"data":"Bash","floor":52,"key":"SMITH"}],"neow_cost":"NONE","seed_source_timestamp":807036163248800,"circlet_count":0,"master_deck":["AscendersBane","Strike_R","Strike_R","Strike_R","Strike_R","Defend_R","Defend_R","Defend_R","Defend_R","Bash+1","Immolate+1","Anger","Shrug It Off","Feed+1","Wild Strike","Armaments+1","Spot Weakness+1","Twin Strike","Brutality","Exhume","Shrug It Off","Sword Boomerang","Clothesline+1","Demon Form+1","Sword Boomerang","Seeing Red+1","Sword Boomerang","Twin Strike"],"special_seed":0,"relics":["Burning Blood","Omamori","Nunchaku","Vajra","Bag of Preparation","Gremlin Horn","Sozu","Centennial Puzzle","Red Mask","MutagenicStrength","Singing Bowl","Pear","Bottled Tornado","Pocketwatch","Busted Crown","Ice Cream","Boot","Blood Vial","CaptainsWheel","Art of War"],"potions_floor_usage":[50],"damage_taken":[{"damage":1.0,"enemies":"Cultist","floor":1.0,"turns":3.0},{"damage":7.0,"enemies":"Small Slimes","floor":2.0,"turns":2.0},{"damage":0.0,"enemies":"2 Louse","floor":3.0,"turns":1.0},{"damage":11.0,"enemies":"Looter","floor":4.0,"turns":2.0},{"damage":10.0,"enemies":"3 Sentries","floor":7.0,"turns":6.0},{"damage":16.0,"enemies":"Blue Slaver","floor":10.0,"turns":6.0},{"damage":14.0,"enemies":"Lagavulin","floor":11.0,"turns":5.0},{"damage":0.0,"enemies":"Exordium Thugs","floor":12.0,"turns":4.0},{"damage":12.0,"enemies":"3 Sentries","floor":13.0,"turns":6.0},{"damage":25.0,"enemies":"The Guardian","floor":16.0,"turns":11.0},{"damage":25.0,"enemies":"Spheric Guardian","floor":18.0,"turns":5.0},{"damage":1.0,"enemies":"Masked Bandits","floor":20.0,"turns":2.0},{"damage":39.0,"enemies":"Book of Stabbing","floor":23.0,"turns":4.0},{"damage":9.0,"enemies":"2 Thieves","floor":24.0,"turns":2.0},{"damage":12.0,"enemies":"Slavers","floor":25.0,"turns":5.0},{"damage":21.0,"enemies":"Gremlin Leader","floor":29.0,"turns":5.0},{"damage":24.0,"enemies":"Shelled Parasite and Fungi","floor":30.0,"turns":4.0},{"damage":24.0,"enemies":"Centurion and Healer","floor":31.0,"turns":6.0},{"damage":66.0,"enemies":"Champ","floor":33.0,"turns":10.0},{"damage":1.0,"enemies":"3 Darklings","floor":35.0,"turns":2.0},{"damage":14.0,"enemies":"3 Shapes","floor":37.0,"turns":5.0},{"damage":45.0,"enemies":"Maw","floor":38.0,"turns":8.0},{"damage":2.0,"enemies":"Sphere and 2 Shapes","floor":39.0,"turns":3.0},{"damage":14.0,"enemies":"Reptomancer","floor":40.0,"turns":3.0},{"damage":8.0,"enemies":"Giant Head","floor":42.0,"turns":6.0},{"damage":21.0,"enemies":"Jaw Worm Horde","floor":44.0,"turns":3.0},{"damage":32.0,"enemies":"4 Shapes","floor":45.0,"turns":3.0},{"damage":58.0,"enemies":"Nemesis","floor":46.0,"turns":6.0},{"damage":12.0,"enemies":"Transient","floor":48.0,"turns":6.0},{"damage":85,"enemies":"Donu and Deca","floor":50,"turns":6},{"damage":81,"enemies":"Shield and Spear","floor":54,"turns":5},{"damage":63,"enemies":"The Heart","floor":55,"turns":5}],"seed_played":"8221015963506970517","potions_obtained":[{"floor":1.0,"key":"ColorlessPotion"},{"floor":4.0,"key":"SpeedPotion"},{"floor":12.0,"key":"Swift Potion"},{"floor":16.0,"key":"EssenceOfSteel"}],"is_trial":false,"path_per_floor":["M","M","M","M","?","R","E","R","T","M","E","M","E","$","R","B",null,"M","?","?","?","$","E","M","E","T","R","$","E","M","M","R","B",null,"M","?","M","M","M","E","R","E","T","M","M","E","R","M","R","B",null,"R","$","E","B"],"character_chosen":"IRONCLAD","items_purchased":["Gremlin Horn","Twin Strike","CaptainsWheel"],"campfire_rested":2,"item_purchase_floors":[14,53,53],"current_hp_per_floor":[73,72,75,73,73,73,73,73,73,67,63,73,71,71,71,56,91,76,76,89,89,89,58,61,75,75,75,75,64,56,46,95,35,132,141,141,143,104,114,112,112,110,110,97,81,35,97,95,95,18,162,162,162,95,34],"gold":115,"neow_bonus":"ONE_RANDOM_RARE_CARD","is_prod":false,"is_daily":false,"chose_seed":false,"campfire_upgraded":6,"win_rate":0,"timestamp":1600380167,"path_taken":["M","?","M","M","?","R","E","R","T","M","E","?","E","$","R","BOSS","M","?","?","?","$","E","M","E","T","R","?","E","M","M","R","BOSS","M","?","M","M","M","E","R","E","T","?","M","E","R","M","R","BOSS","R","$","E","BOSS"],"build_version":"2020-07-30","purchased_purges":0,"victory":false,"max_hp_per_floor":[75,75,75,78,78,78,82,82,82,86,90,94,98,98,98,102,102,106,106,114,114,114,116,122,142,142,142,142,146,156,164,164,164,164,168,168,178,178,184,190,190,190,190,192,202,208,208,210,210,210,210,210,210,216,216],"card_choices":[{"not_picked":["Pommel Strike","Flex"],"picked":"Anger","floor":1.0},{"not_picked":["Wild Strike","Thunderclap"],"picked":"Shrug It Off","floor":2.0},{"not_picked":["Ghostly Armor","Iron Wave"],"picked":"Feed","floor":3.0},{"not_picked":["Burning Pact","Heavy Blade"],"picked":"Wild Strike","floor":4.0},{"not_picked":["Evolve","Fire Breathing","Havoc"],"picked":"SKIP","floor":7.0},{"not_picked":["Rupture","Clash"],"picked":"Armaments","floor":10.0},{"not_picked":["Iron Wave","Body Slam"],"picked":"Spot Weakness","floor":11.0},{"not_picked":["Thunderclap","Searing Blow"],"picked":"Twin Strike","floor":12.0},{"not_picked":["Flex","Metallicize"],"picked":"Brutality","floor":13.0},{"not_picked":["Juggernaut","Impervious"],"picked":"Exhume","floor":16.0},{"not_picked":["Iron Wave","Wild Strike","Sever Soul"],"picked":"SKIP","floor":18.0},{"not_picked":["Sever Soul","Heavy Blade"],"picked":"Shrug It Off","floor":20.0},{"not_picked":["Heavy Blade","Flex","Cleave"],"picked":"Singing Bowl","floor":23.0},{"not_picked":["Hemokinesis","Armaments","Iron Wave"],"picked":"Singing Bowl","floor":24.0},{"not_picked":["Sever Soul","Perfected Strike","Heavy Blade"],"picked":"Singing Bowl","floor":25.0},{"not_picked":["Headbutt","Pommel Strike"],"picked":"Sword Boomerang","floor":29.0},{"not_picked":["Dual Wield","Body Slam","Searing Blow"],"picked":"Singing Bowl","floor":30.0},{"not_picked":["Clash","Immolate"],"picked":"Clothesline+1","floor":31.0},{"not_picked":["Immolate","Brutality"],"picked":"Demon Form","floor":33.0},{"not_picked":[],"picked":"Sword Boomerang","floor":35.0},{"not_picked":["Pommel Strike"],"picked":"Singing Bowl","floor":37.0},{"not_picked":[],"picked":"Seeing Red+1","floor":38.0},{"not_picked":["Clothesline"],"picked":"Singing Bowl","floor":39.0},{"not_picked":["Evolve"],"picked":"Singing Bowl","floor":40.0},{"not_picked":[],"picked":"Sword Boomerang","floor":42.0},{"not_picked":["Feel No Pain"],"picked":"Singing Bowl","floor":44.0},{"not_picked":["Cleave"],"picked":"Singing Bowl","floor":45.0},{"not_picked":["Body Slam"],"picked":"Singing Bowl","floor":46.0},{"not_picked":["Warcry+1"],"picked":"Singing Bowl","floor":48.0},{"not_picked":["Clash"],"picked":"Singing Bowl","floor":54}],"player_experience":565302,"relics_obtained":[{"floor":7.0,"key":"Omamori"},{"floor":9.0,"key":"Nunchaku"},{"floor":11.0,"key":"Vajra"},{"floor":13.0,"key":"Bag of Preparation"},{"floor":20.0,"key":"Red Mask"},{"floor":23.0,"key":"Singing Bowl"},{"floor":25.0,"key":"Pear"},{"floor":26.0,"key":"Bottled Tornado"},{"floor":29.0,"key":"Pocketwatch"},{"floor":40.0,"key":"Ice Cream"},{"floor":42.0,"key":"Boot"},{"floor":46.0,"key":"Blood Vial"},{"floor":54,"key":"Art of War"}],"event_choices":[{"cards_removed":["Strike_R"],"damage_healed":0.0,"max_hp_gain":0.0,"max_hp_loss":0.0,"gold_gain":0.0,"event_name":"Bonfire Elementals","player_choice":"Offered Basic","floor":5.0,"gold_loss":0.0,"damage_taken":0.0},{"damage_healed":0.0,"max_hp_gain":0.0,"max_hp_loss":0.0,"gold_gain":0.0,"event_name":"Addict","player_choice":"Obtained Relic","floor":19.0,"gold_loss":85.0,"damage_taken":0.0,"relics_obtained":["Centennial Puzzle"]},{"damage_healed":0.0,"max_hp_gain":0.0,"max_hp_loss":0.0,"gold_gain":0.0,"event_name":"Masked Bandits","player_choice":"Fought Bandits","floor":20.0,"gold_loss":0.0,"damage_taken":0.0},{"damage_healed":0.0,"max_hp_gain":0.0,"max_hp_loss":0.0,"gold_gain":0.0,"event_name":"Drug Dealer","player_choice":"Inject Mutagens","floor":21.0,"gold_loss":0.0,"damage_taken":0.0,"relics_obtained":["MutagenicStrength"]},{"damage_healed":0.0,"max_hp_gain":0.0,"max_hp_loss":0.0,"gold_gain":0.0,"event_name":"The Woman in Blue","player_choice":"Bought 1 Potion","floor":36.0,"gold_loss":0.0,"damage_taken":0.0}],"is_beta":false,"boss_relics":[{"not_picked":["Mark of Pain","Cursed Key"],"picked":"Sozu"},{"not_picked":["SacredBark","Tiny House"],"picked":"Busted Crown"}],"items_purged_floors":[],"is_endless":false,"potions_floor_spawned":[1,4,11,12,16,18,24,33,37,39,42,45,46],"killed_by":"The Heart","ascension_level":17}