{"gold_per_floor":[13,29,29,29,48,73,73,99,179,192,35,62,62,95,95,95],"floor_reached":16,"playtime":755,"items_purged":[],"score":306,"play_id":"36dba133-74a3-4877-8ba9-901e15845b0d","local_time":"20200923175617","is_ascension_mode":true,"campfire_choices":[{"data":"Whirlwind","floor":7,"key":"SMITH"},{"data":"Uppercut","floor":15,"key":"SMITH"}],"neow_cost":"NO_GOLD","seed_source_timestamp":1331419365016700,"circlet_count":0,"master_deck":["AscendersBane","Strike_R","Strike_R","Strike_R","Defend_R","Defend_R","Defend_R","Defend_R","Bash","Flex","Reaper","Twin Strike","Battle Trance","Whirlwind+1","Uppercut+1"],"relics":["Burning Blood","Mango","Toy Ornithopter","Darkstone Periapt","Akabeko","Pen Nib","HornCleat"],"potions_floor_usage":[6,8,14,14],"damage_taken":[{"damage":12,"enemies":"Cultist","floor":1,"turns":4},{"damage":9,"enemies":"2 Louse","floor":2,"turns":3},{"damage":2,"enemies":"Jaw Worm","floor":5,"turns":4},{"damage":35,"enemies":"3 Sentries","floor":6,"turns":7},{"damage":40,"enemies":"Lagavulin","floor":8,"turns":6},{"damage":14,"enemies":"Looter","floor":10,"turns":3},{"damage":8,"enemies":"Gremlin Nob","floor":12,"turns":3},{"damage":0,"enemies":"Lagavulin","floor":14,"turns":2},{"damage":49,"enemies":"The Guardian","floor":16,"turns":8}],"seed_played":"1686590097844129564","potions_obtained":[{"floor":1,"key":"Energy Potion"},{"floor":2,"key":"EssenceOfSteel"},{"floor":8,"key":"FearPotion"},{"floor":12,"key":"Fire Potion"}],"is_trial":false,"path_per_floor":["M","M","$","?","M","E","R","E","T","M","$","E","$","E","R","B"],"character_chosen":"IRONCLAD","items_purchased":["Akabeko"],"campfire_rested":0,"item_purchase_floors":[11],"current_hp_per_floor":[62,71,71,71,75,60,60,30,30,28,28,26,26,42,42,0],"gold":95,"neow_bonus":"TRANSFORM_TWO_CARDS","is_prod":false,"is_daily":false,"chose_seed":false,"campfire_upgraded":2,"win_rate":0,"timestamp":1600901777,"path_taken":["M","M","?","?","?","E","R","E","T","M","$","E","$","E","R","BOSS"],"build_version":"2020-07-30","purchased_purges":0,"victory":false,"max_hp_per_floor":[75,75,75,75,75,89,89,89,89,89,89,89,89,89,89,89],"card_choices":[{"not_picked":["Infernal Blade","Rupture"],"picked":"Twin Strike","floor":1},{"not_picked":["Disarm","True Grit"],"picked":"Battle Trance","floor":2},{"not_picked":["Bloodletting","Infernal Blade"],"picked":"Whirlwind","floor":5},{"not_picked":["Iron Wave","Pommel Strike"],"picked":"Uppercut","floor":6},{"not_picked":["Bloodletting","Pommel Strike","Sword Boomerang"],"picked":"SKIP","floor":8},{"not_picked":["Blood for Blood","Sword Boomerang","Body Slam"],"picked":"SKIP","floor":10},{"not_picked":["Bloodletting","Blood for Blood","Iron Wave"],"picked":"SKIP","floor":12},{"not_picked":["Rage","True Grit","Bloodletting"],"picked":"SKIP","floor":14}],"player_experience":735286,"relics_obtained":[{"floor":6,"key":"Mango"},{"floor":8,"key":"Toy Ornithopter"},{"floor":9,"key":"Darkstone Periapt"},{"floor":12,"key":"Pen Nib"},{"floor":14,"key":"HornCleat"}],"event_choices":[{"damage_healed":0,"gold_gain":0,"player_choice":"0 cards matched","damage_taken":0,"max_hp_gain":0,"max_hp_loss":0,"event_name":"Match and Keep!","floor":4,"gold_loss":0,"cards_obtained":[]}],"is_beta":false,"boss_relics":[],"items_purged_floors":[],"is_endless":false,"potions_floor_spawned":[1,2,8,12],"killed_by":"The Guardian","ascension_level":20}