{"gold_per_floor":[110,21,21,37,47,81,106,138,138,297,317,317,86,127,127,209,209,237,237,257,85,94,138,138,138],"floor_reached":25,"playtime":4080,"items_purged":["Doubt"],"score":478,"play_id":"5fb2403c-f1e9-4eb0-8253-6c4865b9fa6c","local_time":"20200924195809","is_ascension_mode":true,"campfire_choices":[{"floor":12.0,"key":"REST"},{"data":"Inflame","floor":15.0,"key":"SMITH"},{"data":"Inflame","floor":24,"key":"SMITH"}],"neow_cost":"NONE","seed_source_timestamp":1421691184557500,"circlet_count":0,"master_deck":["AscendersBane","Strike_R","Strike_R","Strike_R","Strike_R","Strike_R","Defend_R","Defend_R","Defend_R","Defend_R","Bash","Shrug It Off","Inflame+1","Anger","Brutality","Battle Trance","Wild Strike","Metallicize","Pommel Strike","Flame Barrier","Inflame+1","Metallicize","Reaper","Disarm","Decay","Dark Embrace+1"],"special_seed":0,"relics":["Burning Blood","Centennial Puzzle","CeramicFish","Akabeko","StrikeDummy","Meat on the Bone","Sozu","Membership Card","Frozen Egg 2"],"potions_floor_usage":[25],"damage_taken":[{"damage":7.0,"enemies":"Small Slimes","floor":1.0,"turns":5.0},{"damage":1.0,"enemies":"Cultist","floor":4.0,"turns":3.0},{"damage":1.0,"enemies":"Jaw Worm","floor":5.0,"turns":3.0},{"damage":44.0,"enemies":"3 Sentries","floor":6.0,"turns":8.0},{"damage":4.0,"enemies":"2 Fungi Beasts","floor":7.0,"turns":3.0},{"damage":24.0,"enemies":"Lagavulin","floor":8.0,"turns":5.0},{"damage":10.0,"enemies":"Lots of Slimes","floor":11.0,"turns":4.0},{"damage":12.0,"enemies":"3 Sentries","floor":14.0,"turns":5.0},{"damage":14,"enemies":"The Guardian","floor":16,"turns":10},{"damage":24,"enemies":"Shell Parasite","floor":18,"turns":7},{"damage":34,"enemies":"2 Thieves","floor":20,"turns":4},{"damage":55,"enemies":"Slavers","floor":23,"turns":6},{"damage":36,"enemies":"Book of Stabbing","floor":25,"turns":4}],"seed_played":"-2450173035738903230","potions_obtained":[{"floor":1.0,"key":"GamblersBrew"},{"floor":6.0,"key":"EssenceOfSteel"}],"is_trial":false,"path_per_floor":["M","$","?","M","M","E","M","E","T","?","M","R","$","E","R","B",null,"M","?","M","$","?","E","R","E"],"character_chosen":"IRONCLAD","items_purchased":["Inflame","Flame Barrier","Inflame","Membership Card"],"campfire_rested":1,"item_purchase_floors":[2,13,13,21],"current_hp_per_floor":[67,67,67,72,75,37,39,21,21,21,17,39,39,33,33,37,66,57,57,55,55,55,36,36,0],"gold":138,"neow_bonus":"RANDOM_COMMON_RELIC","is_prod":false,"is_daily":false,"chose_seed":false,"campfire_upgraded":2,"win_rate":0,"timestamp":1600995489,"path_taken":["M","$","?","M","?","E","M","E","T","?","M","R","$","E","R","BOSS","M","?","M","$","?","E","R","E"],"build_version":"2020-07-30","purchased_purges":1,"victory":false,"max_hp_per_floor":[75,75,75,75,75,75,75,75,75,75,75,75,75,75,75,75,75,75,75,75,75,75,75,75,75],"card_choices":[{"not_picked":["Pummel","Rampage"],"picked":"Shrug It Off","floor":1.0},{"not_picked":["Warcry","Ghostly Armor"],"picked":"Battle Trance","floor":4.0},{"not_picked":["Iron Wave","Cleave"],"picked":"Wild Strike","floor":5.0},{"not_picked":["Iron Wave","Second Wind","Bloodletting"],"picked":"SKIP","floor":6.0},{"not_picked":["Dark Embrace","Blood for Blood"],"picked":"Metallicize","floor":7.0},{"not_picked":["Blood for Blood","Twin Strike","Burning Pact"],"picked":"SKIP","floor":8.0},{"not_picked":["Cleave","Armaments"],"picked":"Pommel Strike","floor":11.0},{"not_picked":["Brutality","Combust"],"picked":"Metallicize","floor":14.0},{"not_picked":["Juggernaut","Double Tap"],"picked":"Reaper","floor":16},{"not_picked":["Spot Weakness","Armaments"],"picked":"Disarm","floor":18},{"not_picked":["Havoc","Body Slam","Carnage"],"picked":"SKIP","floor":20},{"not_picked":["Armaments","Dropkick"],"picked":"Dark Embrace+1","floor":23}],"player_experience":766841,"relics_obtained":[{"floor":6.0,"key":"CeramicFish"},{"floor":8.0,"key":"Akabeko"},{"floor":9.0,"key":"StrikeDummy"},{"floor":14.0,"key":"Meat on the Bone"},{"floor":23,"key":"Frozen Egg 2"}],"event_choices":[{"damage_healed":0.0,"max_hp_gain":0.0,"max_hp_loss":0.0,"gold_gain":0.0,"event_name":"Match and Keep!","player_choice":"2 cards matched","floor":3.0,"gold_loss":0.0,"damage_taken":0.0,"cards_obtained":["Anger","Brutality"]},{"damage_healed":0.0,"max_hp_gain":0.0,"max_hp_loss":0.0,"gold_gain":150.0,"event_name":"Liars Game","player_choice":"AGREE","floor":10.0,"gold_loss":0.0,"damage_taken":0.0,"cards_obtained":["Doubt"]},{"damage_healed":0,"gold_gain":0,"player_choice":"Ignored","damage_taken":0,"max_hp_gain":0,"max_hp_loss":0,"event_name":"Vampires","floor":19,"gold_loss":0},{"damage_healed":0,"gold_gain":0,"player_choice":"Cursed","damage_taken":0,"max_hp_gain":0,"max_hp_loss":0,"event_name":"Wheel of Change","floor":22,"gold_loss":0,"cards_obtained":["Decay"]}],"is_beta":false,"boss_relics":[{"not_picked":["Runic Dome","Astrolabe"],"picked":"Sozu"}],"items_purged_floors":[13],"is_endless":false,"potions_floor_spawned":[1,6,14,16,23],"killed_by":"Book of Stabbing","ascension_level":20}