{"gold_per_floor":[118,195,195,209,223,223,256,256,256,284,301,75,87,117,117,194,194],"floor_reached":17,"playtime":745,"items_purged":[],"score":350,"play_id":"a0835d32-9d73-427e-bdb9-ccb95bcbc87b","local_time":"20201005085636","is_ascension_mode":true,"campfire_choices":[{"data":"Bash","floor":6.0,"key":"SMITH"},{"floor":8.0,"key":"REST"},{"data":"Bludgeon","floor":15.0,"key":"SMITH"}],"neow_cost":"PERCENT_DAMAGE","seed_source_timestamp":0,"circlet_count":0,"master_deck":["AscendersBane","Strike_R","Strike_R","Strike_R","Strike_R","Strike_R","Defend_R","Defend_R","Defend_R","Defend_R","Bash+1","Bludgeon+1","Hemokinesis","Shockwave","Ghostly Armor","Anger","Battle Trance+1","Metallicize","Reaper","Demon Form"],"special_seed":0,"relics":["Burning Blood","Matryoshka","Turnip","Toxic Egg 2","Potion Belt","Juzu Bracelet","PreservedInsect","Omamori"],"potions_floor_usage":[],"damage_taken":[{"damage":7.0,"enemies":"2 Louse","floor":1.0,"turns":3.0},{"damage":12.0,"enemies":"Jaw Worm","floor":4.0,"turns":2.0},{"damage":3.0,"enemies":"Cultist","floor":5.0,"turns":3.0},{"damage":31.0,"enemies":"3 Sentries","floor":7.0,"turns":9.0},{"damage":24.0,"enemies":"Gremlin Nob","floor":10.0,"turns":4.0},{"damage":8.0,"enemies":"3 Louse","floor":11.0,"turns":3.0},{"damage":0.0,"enemies":"Exordium Wildlife","floor":13.0,"turns":3.0},{"damage":13.0,"enemies":"3 Sentries","floor":14.0,"turns":4.0},{"damage":51.0,"enemies":"The Guardian","floor":16.0,"turns":8.0}],"seed_played":"-8387435454928192153","potions_obtained":[{"floor":1.0,"key":"FairyPotion"},{"floor":4.0,"key":"Block Potion"},{"floor":7.0,"key":"SteroidPotion"},{"floor":14.0,"key":"Swift Potion"}],"is_trial":false,"path_per_floor":["M","?","?","M","M","R","E","R","T","E","M","$","M","E","R","B",null],"character_chosen":"IRONCLAD","items_purchased":["PreservedInsect","Energy Potion"],"campfire_rested":1,"item_purchase_floors":[12,12],"current_hp_per_floor":[49,49,44,38,41,41,16,38,38,20,18,18,24,17,17,11,11],"gold":194,"neow_bonus":"THREE_RARE_CARDS","is_prod":false,"is_daily":false,"chose_seed":false,"campfire_upgraded":2,"win_rate":0,"timestamp":1601906196,"path_taken":["M","?","?","M","M","R","E","R","T","E","M","?","M","E","R","BOSS"],"build_version":"2020-07-30","purchased_purges":0,"victory":false,"max_hp_per_floor":[75,75,75,75,75,75,75,75,75,75,75,75,75,75,75,75,75],"card_choices":[{"not_picked":["Offering","Barricade"],"picked":"Bludgeon","floor":0.0},{"not_picked":["Perfected Strike","Burning Pact"],"picked":"Hemokinesis","floor":1.0},{"not_picked":["Body Slam","Infernal Blade","Twin Strike"],"picked":"SKIP","floor":4.0},{"not_picked":["Headbutt","Evolve"],"picked":"Shockwave","floor":5.0},{"not_picked":["Flex","Limit Break"],"picked":"Ghostly Armor","floor":7.0},{"not_picked":["Flex+1","Shockwave+1"],"picked":"Anger","floor":10.0},{"not_picked":["Shockwave+1","Pommel Strike"],"picked":"Battle Trance+1","floor":11.0},{"not_picked":["Clothesline","Headbutt"],"picked":"Metallicize","floor":13.0},{"not_picked":["Limit Break+1","Pommel Strike"],"picked":"Reaper","floor":14.0},{"not_picked":["Bludgeon","Reaper"],"picked":"Demon Form","floor":16.0}],"player_experience":1077110,"relics_obtained":[{"floor":7.0,"key":"Turnip"},{"floor":9.0,"key":"Toxic Egg 2"},{"floor":9.0,"key":"Potion Belt"},{"floor":10.0,"key":"Juzu Bracelet"},{"floor":14.0,"key":"Omamori"}],"event_choices":[{"damage_healed":0.0,"max_hp_gain":0.0,"max_hp_loss":0.0,"gold_gain":77.0,"event_name":"Golden Wing","player_choice":"Gained Gold","floor":2.0,"gold_loss":0.0,"damage_taken":0.0},{"damage_healed":0.0,"max_hp_gain":0.0,"max_hp_loss":0.0,"gold_gain":0.0,"event_name":"Scrap Ooze","player_choice":"Success","floor":3.0,"gold_loss":0.0,"damage_taken":5.0,"relics_obtained":["Matryoshka"]}],"is_beta":false,"boss_relics":[],"items_purged_floors":[],"is_endless":false,"potions_floor_spawned":[1,4,5,7,14],"ascension_level":20}