{"gold_per_floor":[112,125,125,143,143,177,177,208,208,127,142,142,142,183,183,183],"floor_reached":16,"playtime":673,"items_purged":[],"score":236,"play_id":"c5c3721f-97fd-4840-a15f-1902450fe6a9","local_time":"20200924212149","is_ascension_mode":true,"campfire_choices":[{"floor":7.0,"key":"REST"},{"data":"Fiend Fire","floor":12.0,"key":"SMITH"},{"floor":15.0,"key":"REST"}],"neow_cost":"NONE","seed_source_timestamp":1430118083035000,"circlet_count":0,"master_deck":["AscendersBane","Strike_R","Strike_R","Strike_R","Strike_R","Strike_R","Defend_R","Defend_R","Defend_R","Defend_R","Bash","Flame Barrier","Pommel Strike","Clothesline","Evolve","Uppercut","Fiend Fire+1","Flame Barrier","Carnage"],"special_seed":0,"relics":["Burning Blood","Golden Idol","Orichalcum","StrikeDummy","Akabeko"],"potions_floor_usage":[],"damage_taken":[{"damage":16.0,"enemies":"Small Slimes","floor":1.0,"turns":5.0},{"damage":7.0,"enemies":"Jaw Worm","floor":2.0,"turns":5.0},{"damage":6.0,"enemies":"2 Louse","floor":4.0,"turns":3.0},{"damage":57.0,"enemies":"Lagavulin","floor":6.0,"turns":8.0},{"damage":34.0,"enemies":"Gremlin Nob","floor":8.0,"turns":5.0},{"damage":10.0,"enemies":"Red Slaver","floor":11.0,"turns":4.0},{"damage":10.0,"enemies":"Lagavulin","floor":14.0,"turns":4.0},{"damage":0,"enemies":"The Guardian","floor":16,"turns":1}],"seed_played":"-931947618906131867","potions_obtained":[{"floor":4.0,"key":"GamblersBrew"},{"floor":6.0,"key":"BloodPotion"},{"floor":8.0,"key":"Fire Potion"},{"floor":11.0,"key":"PowerPotion"}],"is_trial":false,"path_per_floor":["M","M","?","M","$","E","R","E","T","$","M","R","?","E","R","B"],"character_chosen":"IRONCLAD","items_purchased":["Fiend Fire"],"campfire_rested":2,"item_purchase_floors":[10],"current_hp_per_floor":[65,64,64,64,64,13,35,7,7,7,17,17,17,13,35,35],"gold":183,"neow_bonus":"TEN_PERCENT_HP_BONUS","is_prod":false,"is_daily":false,"chose_seed":false,"campfire_upgraded":1,"win_rate":0,"timestamp":1601000509,"path_taken":["M","M","?","M","$","E","R","E","T","$","M","R","?","E","R","BOSS"],"build_version":"2020-07-30","purchased_purges":0,"victory":false,"max_hp_per_floor":[82,82,74,74,74,74,74,74,74,74,74,74,74,74,74,74],"card_choices":[{"not_picked":["Havoc","Dark Embrace"],"picked":"Flame Barrier","floor":1.0},{"not_picked":["Sword Boomerang","Headbutt"],"picked":"Pommel Strike","floor":2.0},{"not_picked":["Intimidate","Pommel Strike"],"picked":"Clothesline","floor":4.0},{"not_picked":["Rage","Body Slam"],"picked":"Evolve","floor":6.0},{"not_picked":["Clash","Anger"],"picked":"Uppercut","floor":8.0},{"not_picked":["Cleave","Fiend Fire"],"picked":"Flame Barrier","floor":11.0},{"not_picked":["Burning Pact","Body Slam"],"picked":"Carnage","floor":14.0}],"player_experience":774813,"relics_obtained":[{"floor":6.0,"key":"Orichalcum"},{"floor":8.0,"key":"StrikeDummy"},{"floor":14.0,"key":"Akabeko"}],"event_choices":[{"damage_healed":0.0,"max_hp_gain":0.0,"max_hp_loss":8.0,"gold_gain":0.0,"event_name":"Golden Idol","player_choice":"Lose Max HP","floor":3.0,"gold_loss":0.0,"damage_taken":0.0,"relics_obtained":["Golden Idol"]},{"damage_healed":0.0,"max_hp_gain":0.0,"max_hp_loss":0.0,"gold_gain":0.0,"event_name":"Shining Light","player_choice":"Ignored","floor":13.0,"gold_loss":0.0,"damage_taken":0.0}],"is_beta":false,"boss_relics":[],"items_purged_floors":[],"is_endless":false,"potions_floor_spawned":[4,6,8,11],"killed_by":"The Guardian","ascension_level":20}