{"gold_per_floor":[109,126,143,143,154,154,189,204,284,209,209,241,256,269,269,269],"floor_reached":16,"playtime":703,"items_purged":["Strike_R"],"score":228,"play_id":"506b9504-7ca8-4adb-8026-add521b296dc","local_time":"20201022204726","is_ascension_mode":true,"campfire_choices":[{"data":"Searing Blow","floor":6,"key":"SMITH"},{"data":"Searing Blow+1","floor":11,"key":"SMITH"},{"data":"Searing Blow+2","floor":15,"key":"SMITH"}],"neow_cost":"NONE","seed_source_timestamp":597017374386400,"circlet_count":0,"master_deck":["AscendersBane","Strike_R","Strike_R","Strike_R","Strike_R","Defend_R","Defend_R","Defend_R","Defend_R","Bash","Searing Blow+3","Cleave","Headbutt","Barricade","Shrug It Off","Headbutt","Power Through","Battle Trance"],"relics":["Burning Blood","Boot","Matryoshka","Peace Pipe"],"potions_floor_usage":[7,16,16],"damage_taken":[{"damage":5,"enemies":"Small Slimes","floor":1,"turns":4},{"damage":7,"enemies":"Cultist","floor":2,"turns":4},{"damage":14,"enemies":"2 Louse","floor":3,"turns":2},{"damage":9,"enemies":"2 Fungi Beasts","floor":5,"turns":4},{"damage":27,"enemies":"Lagavulin","floor":7,"turns":5},{"damage":2,"enemies":"3 Louse","floor":8,"turns":3},{"damage":31,"enemies":"Gremlin Nob","floor":12,"turns":4},{"damage":9,"enemies":"Looter","floor":13,"turns":3},{"damage":8,"enemies":"Blue Slaver","floor":14,"turns":3},{"damage":12,"enemies":"Hexaghost","floor":16,"turns":9}],"seed_played":"6163654752996242083","potions_obtained":[{"floor":1,"key":"BlessingOfTheForge"},{"floor":5,"key":"CultistPotion"},{"floor":8,"key":"LiquidBronze"},{"floor":13,"key":"Block Potion"}],"is_trial":false,"path_per_floor":["M","M","M","?","M","R","E","M","T","$","R","E","M","M","R","B"],"character_chosen":"IRONCLAD","items_purchased":[],"campfire_rested":0,"item_purchase_floors":[],"current_hp_per_floor":[76,75,67,67,64,64,43,47,47,47,47,22,19,17,17,5],"gold":269,"neow_bonus":"TEN_PERCENT_HP_BONUS","is_prod":false,"is_daily":false,"chose_seed":false,"campfire_upgraded":3,"win_rate":0,"timestamp":1603417646,"path_taken":["M","M","M","?","M","R","E","M","T","$","R","E","?","M","R","BOSS"],"build_version":"2020-07-30","purchased_purges":1,"victory":false,"max_hp_per_floor":[82,82,82,82,82,82,82,82,82,82,82,82,82,82,82,82],"card_choices":[{"not_picked":["Second Wind","Shrug It Off"],"picked":"Searing Blow","floor":1},{"not_picked":["Heavy Blade","Wild Strike"],"picked":"Cleave","floor":2},{"not_picked":["Pommel Strike","Feel No Pain"],"picked":"Headbutt","floor":3},{"not_picked":["Body Slam","Feel No Pain"],"picked":"Headbutt","floor":5},{"not_picked":["Cleave","Iron Wave","Twin Strike"],"picked":"SKIP","floor":7},{"not_picked":["Searing Blow","Sentinel","Iron Wave"],"picked":"SKIP","floor":8},{"not_picked":["Body Slam","Searing Blow","Bludgeon"],"picked":"SKIP","floor":12},{"not_picked":["Sever Soul","Body Slam"],"picked":"Power Through","floor":13},{"not_picked":["Power Through","Dropkick"],"picked":"Battle Trance","floor":14}],"player_experience":1163224,"relics_obtained":[{"floor":7,"key":"Boot"},{"floor":9,"key":"Matryoshka"},{"floor":12,"key":"Peace Pipe"}],"event_choices":[{"damage_healed":0,"gold_gain":0,"player_choice":"2 cards matched","damage_taken":0,"max_hp_gain":0,"max_hp_loss":0,"event_name":"Match and Keep!","floor":4,"gold_loss":0,"cards_obtained":["Barricade","Shrug It Off"]}],"is_beta":false,"boss_relics":[],"items_purged_floors":[10],"is_endless":false,"potions_floor_spawned":[1,5,8,13],"killed_by":"Hexaghost","ascension_level":20}