{"gold_per_floor":[118,128,128,141,66,66,100,100,100,25,55,75,93,112,112,187,187,203,39,34,304,316,350,350,380,380,380,396,396,44,44,44,121,121,140,159,177,0,12,12,37,37,37,37,72,85,85,110,110,110,110,110,110,32,67,67],"floor_reached":56,"playtime":4546,"items_purged":["Strike_R","Strike_R","Strike_R+1"],"score":2035,"play_id":"f9620fcd-1abd-4d5f-ac37-50ebe2071255","local_time":"20201025185520","is_ascension_mode":true,"campfire_choices":[{"data":"Juggernaut","floor":6.0,"key":"SMITH"},{"data":"True Grit","floor":8.0,"key":"SMITH"},{"data":"Flame Barrier","floor":15.0,"key":"SMITH"},{"floor":24.0,"key":"REST"},{"floor":27.0,"key":"DIG"},{"floor":29.0,"key":"DIG"},{"floor":32.0,"key":"DIG"},{"floor":40.0,"key":"DIG"},{"floor":42.0,"key":"DIG"},{"floor":44.0,"key":"RECALL"},{"floor":49.0,"key":"DIG"},{"floor":53.0,"key":"REST"}],"neow_cost":"TEN_PERCENT_HP_LOSS","seed_source_timestamp":844898707897600,"circlet_count":0,"master_deck":["AscendersBane","Strike_R+1","Defend_R","Defend_R","Defend_R","Defend_R","Bash","Juggernaut+1","Ghostly Armor","Cleave","Feel No Pain","True Grit+1","Flame Barrier+1","Blood for Blood+1","Disarm","Shockwave","Impervious","Hemokinesis+1","Feel No Pain","Shrug It Off","Reaper+1","Dark Embrace+1","Disarm","RitualDagger+1","Barricade","Iron Wave+1","Disarm+1","Spot Weakness","Impervious","Shrug It Off"],"special_seed":0,"relics":["Burning Blood","Molten Egg 2","HornCleat","Regal Pillow","Fusion Hammer","Pear","Strawberry","Shovel","Ornamental Fan","Blood Vial","Bag of Preparation","Tiny Chest","Runic Pyramid","Red Mask","Smiling Mask","Calipers","Toy Ornithopter","Red Skull","Letter Opener","Mango","Boot"],"potions_floor_usage":[56,56],"damage_taken":[{"damage":11.0,"enemies":"Jaw Worm","floor":1.0,"turns":5.0},{"damage":2.0,"enemies":"2 Louse","floor":2.0,"turns":3.0},{"damage":1.0,"enemies":"Cultist","floor":4.0,"turns":3.0},{"damage":24.0,"enemies":"3 Sentries","floor":7.0,"turns":6.0},{"damage":18.0,"enemies":"Lagavulin","floor":11.0,"turns":8.0},{"damage":5.0,"enemies":"Exordium Thugs","floor":12.0,"turns":3.0},{"damage":10.0,"enemies":"Gremlin Gang","floor":13.0,"turns":5.0},{"damage":0.0,"enemies":"2 Fungi Beasts","floor":14.0,"turns":3.0},{"damage":8.0,"enemies":"The Guardian","floor":16.0,"turns":12.0},{"damage":1.0,"enemies":"Chosen","floor":18.0,"turns":6.0},{"damage":4.0,"enemies":"2 Thieves","floor":20.0,"turns":4.0},{"damage":11.0,"enemies":"Sentry and Sphere","floor":22.0,"turns":6.0},{"damage":25.0,"enemies":"Slavers","floor":23.0,"turns":7.0},{"damage":38.0,"enemies":"Gremlin Leader","floor":25.0,"turns":6.0},{"damage":2.0,"enemies":"Cultist and Chosen","floor":28.0,"turns":6.0},{"damage":45.0,"enemies":"Collector","floor":33.0,"turns":11.0},{"damage":2.0,"enemies":"Orb Walker","floor":35.0,"turns":6.0},{"damage":1.0,"enemies":"3 Shapes","floor":36.0,"turns":5.0},{"damage":16.0,"enemies":"Sphere and 2 Shapes","floor":37.0,"turns":6.0},{"damage":27.0,"enemies":"Jaw Worm Horde","floor":39.0,"turns":6.0},{"damage":2.0,"enemies":"Mind Bloom Boss Battle","floor":41.0,"turns":8.0},{"damage":35.0,"enemies":"Reptomancer","floor":45.0,"turns":10.0},{"damage":4.0,"enemies":"Maw","floor":46.0,"turns":11.0},{"damage":2.0,"enemies":"Nemesis","floor":48.0,"turns":15.0},{"damage":55.0,"enemies":"Awakened One","floor":50.0,"turns":17.0},{"damage":25.0,"enemies":"Time Eater","floor":51.0,"turns":21.0},{"damage":2.0,"enemies":"Shield and Spear","floor":55.0,"turns":9.0},{"damage":116,"enemies":"The Heart","floor":56,"turns":8}],"seed_played":"2416172769004126488","potions_obtained":[{"floor":1.0,"key":"LiquidMemories"},{"floor":4.0,"key":"Strength Potion"},{"floor":13.0,"key":"LiquidBronze"},{"floor":14.0,"key":"BloodPotion"},{"floor":23.0,"key":"SmokeBomb"},{"floor":25.0,"key":"AttackPotion"},{"floor":33.0,"key":"Fire Potion"},{"floor":37.0,"key":"ColorlessPotion"},{"floor":45.0,"key":"SpeedPotion"},{"floor":46.0,"key":"DuplicationPotion"},{"floor":55.0,"key":"PowerPotion"}],"is_trial":false,"path_per_floor":["M","M","?","M","?","R","E","R","T","$","E","M","M","M","R","B",null,"M","$","M","?","M","E","R","E","T","R","M","R","$","?","R","B",null,"M","M","M","?","M","R","?","R","T","R","E","M","?","E","R","B","B",null,"R","$","E","B"],"character_chosen":"IRONCLAD","items_purchased":["Flame Barrier","Feel No Pain","Disarm","Bag of Preparation","Shrug It Off"],"campfire_rested":2,"item_purchase_floors":[10,19,30,30,54],"current_hp_per_floor":[63,67,47,52,52,52,34,34,34,34,22,23,19,25,25,23,57,62,62,64,37,32,36,74,49,49,49,58,58,58,52,52,15,68,74,81,73,73,63,63,85,85,85,85,58,62,62,76,90,64,64,90,99,99,99,0],"gold":67,"neow_bonus":"THREE_RARE_CARDS","is_prod":false,"is_daily":false,"chose_seed":false,"campfire_upgraded":3,"win_rate":0,"timestamp":1603670120,"path_taken":["M","M","?","M","?","R","E","R","T","?","E","M","M","?","R","BOSS","M","$","M","?","M","E","R","E","T","R","?","R","$","?","R","BOSS","M","M","M","?","M","R","?","R","T","R","E","M","?","E","R","BOSS","BOSS","R","$","E","BOSS"],"build_version":"2020-07-30","purchased_purges":3,"victory":false,"max_hp_per_floor":[68,68,68,68,68,68,68,68,68,68,68,68,68,68,68,68,68,68,68,68,68,68,78,78,85,85,85,85,85,85,85,85,85,85,85,85,85,85,85,85,85,85,85,85,85,85,85,85,99,99,99,99,99,99,99,99],"card_choices":[{"not_picked":["Impervious","Brutality"],"picked":"Juggernaut","floor":0.0},{"not_picked":["Armaments","Perfected Strike"],"picked":"Ghostly Armor","floor":1.0},{"not_picked":["Whirlwind","Perfected Strike"],"picked":"Cleave","floor":2.0},{"not_picked":["Pummel","Dual Wield"],"picked":"Feel No Pain","floor":4.0},{"not_picked":["Metallicize","Cleave+1"],"picked":"True Grit","floor":7.0},{"not_picked":["Rupture","Sever Soul+1"],"picked":"Blood for Blood+1","floor":11.0},{"not_picked":["Fire Breathing","Anger+1"],"picked":"Disarm","floor":12.0},{"not_picked":["Thunderclap+1","Twin Strike+1"],"picked":"Shockwave","floor":13.0},{"not_picked":["Headbutt+1","Flex","Demon Form"],"picked":"SKIP","floor":14.0},{"not_picked":["Demon Form","Limit Break"],"picked":"Impervious","floor":16.0},{"not_picked":["Clothesline+1","True Grit"],"picked":"Hemokinesis+1","floor":18.0},{"not_picked":["Combust","Perfected Strike+1"],"picked":"Shrug It Off","floor":20.0},{"not_picked":["True Grit","Headbutt+1","Cleave+1"],"picked":"SKIP","floor":22.0},{"not_picked":["Pummel+1","Anger+1"],"picked":"Reaper+1","floor":23.0},{"not_picked":["Battle Trance","Intimidate"],"picked":"Dark Embrace+1","floor":25.0},{"not_picked":["Anger+1","Thunderclap+1","Infernal Blade"],"picked":"SKIP","floor":28.0},{"not_picked":["Limit Break","Demon Form"],"picked":"Barricade","floor":33.0},{"not_picked":["Heavy Blade+1","Metallicize"],"picked":"Iron Wave+1","floor":35.0},{"not_picked":["Headbutt+1","Battle Trance+1"],"picked":"Disarm+1","floor":36.0},{"not_picked":["Clash+1","Sword Boomerang+1","Twin Strike+1"],"picked":"SKIP","floor":37.0},{"not_picked":["Fire Breathing","Perfected Strike+1"],"picked":"Spot Weakness","floor":39.0},{"not_picked":["Power Through+1","Armaments","Twin Strike+1"],"picked":"SKIP","floor":45.0},{"not_picked":["Wild Strike+1","Blood for Blood+1"],"picked":"Impervious","floor":46.0},{"not_picked":["Clash+1","Rupture","Berserk"],"picked":"SKIP","floor":48.0},{"not_picked":["Wild Strike+1","Twin Strike+1","Bloodletting"],"picked":"SKIP","floor":55.0}],"player_experience":1169420,"relics_obtained":[{"floor":7.0,"key":"Molten Egg 2"},{"floor":9.0,"key":"HornCleat"},{"floor":11.0,"key":"Regal Pillow"},{"floor":23.0,"key":"Pear"},{"floor":25.0,"key":"Strawberry"},{"floor":26.0,"key":"Shovel"},{"floor":27.0,"key":"Ornamental Fan"},{"floor":29.0,"key":"Blood Vial"},{"floor":32.0,"key":"Tiny Chest"},{"floor":40.0,"key":"Smiling Mask"},{"floor":41.0,"key":"Calipers"},{"floor":42.0,"key":"Toy Ornithopter"},{"floor":45.0,"key":"Red Skull"},{"floor":48.0,"key":"Letter Opener"},{"floor":49.0,"key":"Mango"},{"floor":55.0,"key":"Boot"}],"event_choices":[{"damage_healed":0.0,"max_hp_gain":0.0,"max_hp_loss":0.0,"gold_gain":0.0,"event_name":"Shining Light","player_choice":"Entered Light","floor":3.0,"gold_loss":0.0,"damage_taken":20.0,"cards_upgraded":["Strike_R","Strike_R"]},{"cards_removed":["Strike_R"],"damage_healed":0.0,"max_hp_gain":0.0,"max_hp_loss":0.0,"gold_gain":0.0,"event_name":"The Cleric","player_choice":"Card Removal","floor":5.0,"gold_loss":75.0,"damage_taken":0.0},{"damage_healed":0.0,"max_hp_gain":0.0,"max_hp_loss":0.0,"gold_gain":270.0,"event_name":"Knowing Skull","player_choice":"GOLD GOLD GOLD ","floor":21.0,"potions_obtained":[],"gold_loss":0.0,"damage_taken":27.0,"cards_obtained":[]},{"damage_healed":0.0,"max_hp_gain":0.0,"max_hp_loss":0.0,"gold_gain":0.0,"event_name":"Nest","player_choice":"Joined the Cult","floor":31.0,"gold_loss":0.0,"damage_taken":6.0,"cards_obtained":["RitualDagger"]},{"damage_healed":0.0,"max_hp_gain":0.0,"max_hp_loss":0.0,"gold_gain":0.0,"event_name":"Tomb of Lord Red Mask","player_choice":"Paid","floor":38.0,"gold_loss":177.0,"damage_taken":0.0,"relics_obtained":["Red Mask"]},{"damage_healed":0.0,"max_hp_gain":0.0,"max_hp_loss":0.0,"gold_gain":0.0,"event_name":"MindBloom","player_choice":"Fight","floor":41.0,"gold_loss":0.0,"damage_taken":0.0},{"damage_healed":0.0,"max_hp_gain":0.0,"max_hp_loss":0.0,"gold_gain":0.0,"event_name":"Lab","player_choice":"Got Potions","floor":47.0,"gold_loss":0.0,"damage_taken":0.0}],"is_beta":false,"boss_relics":[{"not_picked":["Pandora\u0027s Box","Black Star"],"picked":"Fusion Hammer"},{"not_picked":["Busted Crown","Coffee Dripper"],"picked":"Runic Pyramid"}],"items_purged_floors":[19,30,54],"is_endless":false,"potions_floor_spawned":[1,4,13,14,23,25,33,37,45,46,48,55],"killed_by":"The Heart","ascension_level":20}