{"gold_per_floor":[118,136,22,38,54,54,80,80,80,80,112,128,128,155,155,232,232,242,262,276,276,276,276],"floor_reached":23,"playtime":1041,"items_purged":[],"score":472,"play_id":"7659bd23-62d8-4eeb-9b06-6fb185d19b34","local_time":"20201024152402","is_ascension_mode":true,"campfire_choices":[{"data":"Carnage","floor":6,"key":"SMITH"},{"data":"Bash","floor":8,"key":"SMITH"},{"data":"Carnage","floor":13,"key":"SMITH"},{"data":"Inflame","floor":15,"key":"SMITH"}],"neow_cost":"NONE","seed_source_timestamp":750042552804100,"circlet_count":0,"master_deck":["AscendersBane","Strike_R","Strike_R","Strike_R","Strike_R","Strike_R","Defend_R","Defend_R","Defend_R","Defend_R","Bash+1","Clothesline","Carnage+1","Shrug It Off","Wild Strike","Carnage+1","Inflame+1","Corruption","Power Through+1","Dark Embrace","RitualDagger"],"special_seed":0,"relics":["Burning Blood","Bottled Flame","Gremlin Horn","PreservedInsect","Oddly Smooth Stone","Velvet Choker","Pen Nib"],"potions_floor_usage":[4,7,11,16,16],"damage_taken":[{"damage":12.0,"enemies":"Cultist","floor":1.0,"turns":4.0},{"damage":4,"enemies":"2 Louse","floor":2,"turns":4},{"damage":7,"enemies":"Jaw Worm","floor":4,"turns":3},{"damage":6,"enemies":"Looter","floor":5,"turns":3},{"damage":22,"enemies":"Lagavulin","floor":7,"turns":5},{"damage":15,"enemies":"3 Sentries","floor":11,"turns":4},{"damage":0,"enemies":"2 Fungi Beasts","floor":12,"turns":2},{"damage":0,"enemies":"Gremlin Nob","floor":14,"turns":2},{"damage":58,"enemies":"Hexaghost","floor":16,"turns":9},{"damage":17,"enemies":"Shell Parasite","floor":18,"turns":3},{"damage":13,"enemies":"2 Thieves","floor":19,"turns":4},{"damage":19,"enemies":"Sentry and Sphere","floor":20,"turns":5},{"damage":19,"enemies":"Slavers","floor":23,"turns":4}],"seed_played":"-8243489832473363869","potions_obtained":[{"floor":1.0,"key":"Fruit Juice"},{"floor":4,"key":"Energy Potion"},{"floor":7,"key":"PowerPotion"},{"floor":14,"key":"SpeedPotion"}],"is_trial":false,"path_per_floor":["M","M","$","M","M","R","E","R","T","?","E","M","R","E","R","B",null,"M","M","M","?","T","E"],"character_chosen":"IRONCLAD","items_purchased":["FearPotion","Shrug It Off"],"campfire_rested":0,"item_purchase_floors":[3,3],"current_hp_per_floor":[69,71,71,75,75,75,59,59,59,59,50,56,56,62,62,10,68,57,50,37,31,31,12],"gold":276,"neow_bonus":"TEN_PERCENT_HP_BONUS","is_prod":false,"is_daily":false,"chose_seed":false,"campfire_upgraded":4,"win_rate":0,"timestamp":1603571042,"path_taken":["M","M","$","?","M","R","E","R","T","?","E","M","R","E","R","BOSS","M","M","M","?","?","E"],"build_version":"2020-07-30","purchased_purges":0,"victory":false,"max_hp_per_floor":[82,82,82,87,87,87,87,87,87,87,87,87,87,87,87,87,87,87,87,87,87,87,87],"card_choices":[{"not_picked":["Dual Wield","Power Through"],"picked":"Clothesline","floor":1.0},{"not_picked":["True Grit","Sentinel"],"picked":"Carnage","floor":2},{"not_picked":["Infernal Blade","Havoc","Fire Breathing"],"picked":"SKIP","floor":4},{"not_picked":["Headbutt","Iron Wave"],"picked":"Wild Strike","floor":5},{"not_picked":["Dropkick","Thunderclap","Havoc"],"picked":"SKIP","floor":7},{"not_picked":["Evolve","Iron Wave"],"picked":"Carnage","floor":11},{"not_picked":["Perfected Strike","Armaments"],"picked":"Inflame","floor":12},{"not_picked":["Headbutt","Feel No Pain","Flex"],"picked":"SKIP","floor":14},{"not_picked":["Juggernaut","Limit Break"],"picked":"Corruption","floor":16},{"not_picked":["Headbutt","Armaments+1"],"picked":"Power Through+1","floor":18},{"not_picked":["Sword Boomerang","Twin Strike","Havoc+1"],"picked":"SKIP","floor":19},{"not_picked":["Twin Strike","Sever Soul"],"picked":"Dark Embrace","floor":20}],"player_experience":1168379,"relics_obtained":[{"floor":7,"key":"Bottled Flame"},{"floor":9,"key":"Gremlin Horn"},{"floor":11,"key":"PreservedInsect"},{"floor":14,"key":"Oddly Smooth Stone"},{"floor":22,"key":"Pen Nib"}],"event_choices":[{"damage_healed":0,"gold_gain":0,"player_choice":"Ignored","damage_taken":0,"max_hp_gain":0,"max_hp_loss":0,"event_name":"Liars Game","floor":10,"gold_loss":0},{"damage_healed":0,"gold_gain":0,"player_choice":"Joined the Cult","damage_taken":6,"max_hp_gain":0,"max_hp_loss":0,"event_name":"Nest","floor":21,"gold_loss":0,"cards_obtained":["RitualDagger"]}],"is_beta":false,"boss_relics":[{"not_picked":["SacredBark","Runic Cube"],"picked":"Velvet Choker"}],"items_purged_floors":[],"is_endless":false,"potions_floor_spawned":[1,4,7,14],"killed_by":"Slavers","ascension_level":20}