{"gold_per_floor":[119,131,146,158,158,158,231,257,257,257,287,287,287,322,322,416,416,436,457,209,222,240,283,283,283,283,283,306,346,346,361,361,451,451,472,472,496,496,520,551,284,284,310,325,285,285,305,343,343,343,343],"floor_reached":51,"playtime":2303,"items_purged":["Strike_R","Pummel+1"],"score":1580,"play_id":"0516bc28-aa64-4838-baeb-64228df49ff9","local_time":"20201022225222","is_ascension_mode":true,"campfire_choices":[{"data":"Searing Blow+1","floor":6.0,"key":"SMITH"},{"data":"Searing Blow+2","floor":10.0,"key":"SMITH"},{"data":"Searing Blow+3","floor":12.0,"key":"SMITH"},{"data":"Searing Blow+4","floor":15.0,"key":"SMITH"},{"data":"Searing Blow+5","floor":24.0,"key":"SMITH"},{"data":"Searing Blow+6","floor":27.0,"key":"SMITH"},{"data":"Double Tap","floor":30.0,"key":"SMITH"},{"data":"Searing Blow+7","floor":32.0,"key":"SMITH"},{"data":"Searing Blow+8","floor":42.0,"key":"SMITH"},{"data":"Searing Blow+9","floor":46.0,"key":"SMITH"},{"floor":49.0,"key":"RECALL"}],"neow_cost":"TEN_PERCENT_HP_LOSS","seed_source_timestamp":602756378688200,"circlet_count":0,"master_deck":["AscendersBane","Defend_R+1","Defend_R+1","Defend_R+1","Defend_R+1","Bash","Searing Blow+10","Armaments","Headbutt","Immolate","Shrug It Off+1","Armaments+1","Immolate","Thunderclap","Pommel Strike","Havoc","Battle Trance","Double Tap+1","Wild Strike+1","Anger+1","Barricade","Double Tap+1","Uppercut+1","Intimidate","Headbutt","Disarm","Headbutt"],"special_seed":0,"relics":["Burning Blood","Blue Candle","Ancient Tea Set","Sundial","Pocketwatch","Golden Idol","Paper Frog","Sozu","Orichalcum","Meat on the Bone","Blood Vial","Question Card","Astrolabe","PreservedInsect","Lantern","War Paint"],"potions_floor_usage":[51],"damage_taken":[{"damage":2.0,"enemies":"2 Louse","floor":1.0,"turns":3.0},{"damage":2.0,"enemies":"Jaw Worm","floor":2.0,"turns":5.0},{"damage":5.0,"enemies":"Small Slimes","floor":3.0,"turns":5.0},{"damage":5.0,"enemies":"2 Fungi Beasts","floor":4.0,"turns":4.0},{"damage":25.0,"enemies":"Lagavulin","floor":8.0,"turns":5.0},{"damage":15.0,"enemies":"3 Sentries","floor":11.0,"turns":3.0},{"damage":8.0,"enemies":"Gremlin Nob","floor":14.0,"turns":3.0},{"damage":0.0,"enemies":"Slime Boss","floor":16.0,"turns":7.0},{"damage":0.0,"enemies":"Chosen","floor":18.0,"turns":2.0},{"damage":20.0,"enemies":"2 Thieves","floor":19.0,"turns":3.0},{"damage":18.0,"enemies":"Snake Plant","floor":21.0,"turns":3.0},{"damage":0.0,"enemies":"3 Cultists","floor":22.0,"turns":3.0},{"damage":5.0,"enemies":"Gremlin Leader","floor":23.0,"turns":3.0},{"damage":0.0,"enemies":"Snecko","floor":28.0,"turns":2.0},{"damage":8.0,"enemies":"Book of Stabbing","floor":29.0,"turns":2.0},{"damage":6.0,"enemies":"Centurion and Healer","floor":31.0,"turns":2.0},{"damage":32.0,"enemies":"Champ","floor":33.0,"turns":5.0},{"damage":2.0,"enemies":"Orb Walker","floor":35.0,"turns":2.0},{"damage":7.0,"enemies":"3 Shapes","floor":37.0,"turns":2.0},{"damage":7.0,"enemies":"Jaw Worm Horde","floor":39.0,"turns":2.0},{"damage":18.0,"enemies":"Reptomancer","floor":40.0,"turns":4.0},{"damage":24.0,"enemies":"Maw","floor":44.0,"turns":6.0},{"damage":0.0,"enemies":"Transient","floor":47.0,"turns":6.0},{"damage":22.0,"enemies":"Nemesis","floor":48.0,"turns":3.0},{"damage":13.0,"enemies":"Donu and Deca","floor":50.0,"turns":3.0},{"damage":64,"enemies":"Awakened One","floor":51,"turns":8}],"seed_played":"-5728452142137528044","potions_obtained":[{"floor":3.0,"key":"Weak Potion"},{"floor":8.0,"key":"GamblersBrew"},{"floor":14.0,"key":"SkillPotion"},{"floor":16.0,"key":"Swift Potion"}],"is_trial":false,"path_per_floor":["M","M","M","M","?","R","T","E","T","R","E","R","?","E","R","B",null,"M","M","$","M","M","E","R","?","T","R","M","E","R","M","R","B",null,"M","?","M","?","M","E","$","R","T","M","$","R","M","E","R","B","B"],"character_chosen":"IRONCLAD","items_purchased":["Orichalcum","Lantern","Disarm"],"campfire_rested":0,"item_purchase_floors":[20,41,45],"current_hp_per_floor":[68,68,68,68,68,68,68,49,49,49,40,40,40,38,38,44,58,62,48,48,36,42,43,43,43,43,43,51,51,51,53,53,41,57,62,62,61,61,61,50,50,50,50,46,46,46,54,40,40,47,0],"gold":343,"neow_bonus":"TRANSFORM_TWO_CARDS","is_prod":false,"is_daily":false,"chose_seed":false,"campfire_upgraded":10,"win_rate":0,"timestamp":1603425142,"path_taken":["M","M","M","M","?","R","?","E","T","R","E","R","?","E","R","BOSS","M","M","$","M","M","E","R","?","T","R","M","E","R","M","R","BOSS","M","?","?","?","M","E","?","R","T","M","$","R","M","E","R","BOSS","BOSS"],"build_version":"2020-07-30","purchased_purges":2,"victory":false,"max_hp_per_floor":[68,68,68,68,68,68,68,68,68,68,68,68,62,62,62,62,62,62,62,62,62,62,62,62,62,62,62,62,62,62,62,62,62,62,62,62,62,62,62,62,62,62,62,62,62,62,62,62,62,62,62],"card_choices":[{"not_picked":["Body Slam","Heavy Blade"],"picked":"Armaments","floor":1.0},{"not_picked":["Bloodletting","Body Slam"],"picked":"Headbutt","floor":2.0},{"not_picked":["Perfected Strike","Clash"],"picked":"Battle Trance","floor":3.0},{"not_picked":["Clash","Sentinel"],"picked":"Immolate","floor":4.0},{"not_picked":["Rupture","Clothesline"],"picked":"Shrug It Off","floor":8.0},{"not_picked":["Thunderclap","Anger"],"picked":"Armaments","floor":11.0},{"not_picked":["Cleave","Iron Wave","Flex"],"picked":"SKIP","floor":14.0},{"not_picked":["Exhume","Berserk"],"picked":"Immolate","floor":16.0},{"not_picked":["Wild Strike","Clash","Clothesline"],"picked":"SKIP","floor":18.0},{"not_picked":["Body Slam","Flex"],"picked":"Thunderclap","floor":19.0},{"not_picked":["Twin Strike","Demon Form"],"picked":"Pommel Strike","floor":21.0},{"not_picked":["Cleave","Body Slam"],"picked":"Havoc","floor":22.0},{"not_picked":["True Grit","Flex"],"picked":"Battle Trance","floor":23.0},{"not_picked":["Dark Embrace","Intimidate+1"],"picked":"Double Tap","floor":28.0},{"not_picked":["Entrench","Seeing Red"],"picked":"Wild Strike+1","floor":29.0},{"not_picked":["Sword Boomerang","Wild Strike","Whirlwind"],"picked":"Anger+1","floor":31.0},{"not_picked":["Juggernaut","Berserk","Immolate"],"picked":"Barricade","floor":33.0},{"not_picked":["Wild Strike+1","Carnage","Sword Boomerang"],"picked":"Intimidate","floor":35.0},{"not_picked":["Clothesline","Sever Soul+1","Sword Boomerang","Feel No Pain"],"picked":"SKIP","floor":37.0},{"not_picked":["Searing Blow+1","Cleave","Pommel Strike","Clothesline"],"picked":"SKIP","floor":39.0},{"not_picked":["Searing Blow+1","Demon Form","Evolve","Infernal Blade"],"picked":"SKIP","floor":40.0},{"not_picked":["Pommel Strike","Dropkick+1","Evolve"],"picked":"Headbutt","floor":44.0},{"not_picked":["Body Slam+1","Inflame","Sword Boomerang"],"picked":"Headbutt","floor":47.0},{"not_picked":["Rampage","Body Slam","Demon Form","Spot Weakness+1"],"picked":"SKIP","floor":48.0}],"player_experience":1163927,"relics_obtained":[{"floor":7.0,"key":"Blue Candle"},{"floor":8.0,"key":"Ancient Tea Set"},{"floor":9.0,"key":"Sundial"},{"floor":11.0,"key":"Pocketwatch"},{"floor":14.0,"key":"Paper Frog"},{"floor":23.0,"key":"Meat on the Bone"},{"floor":26.0,"key":"Blood Vial"},{"floor":29.0,"key":"Question Card"},{"floor":40.0,"key":"PreservedInsect"},{"floor":48.0,"key":"War Paint"}],"event_choices":[{"damage_healed":0.0,"max_hp_gain":0.0,"max_hp_loss":0.0,"gold_gain":0.0,"event_name":"Living Wall","player_choice":"Grow","floor":5.0,"gold_loss":0.0,"damage_taken":0.0,"cards_upgraded":["Searing Blow"]},{"damage_healed":0.0,"max_hp_gain":0.0,"max_hp_loss":6.0,"gold_gain":0.0,"event_name":"Golden Idol","player_choice":"Lose Max HP","floor":13.0,"gold_loss":0.0,"damage_taken":0.0,"relics_obtained":["Golden Idol"]},{"damage_healed":0.0,"max_hp_gain":0.0,"max_hp_loss":0.0,"gold_gain":0.0,"event_name":"Back to Basics","player_choice":"Simplicity","floor":25.0,"gold_loss":0.0,"damage_taken":0.0,"cards_upgraded":["Strike_R","Strike_R","Defend_R","Defend_R","Defend_R","Defend_R"]},{"damage_healed":0.0,"max_hp_gain":0.0,"max_hp_loss":0.0,"gold_gain":0.0,"event_name":"SecretPortal","player_choice":"Ignored","floor":36.0,"gold_loss":0.0,"damage_taken":0.0},{"cards_removed":["Battle Trance"],"damage_healed":0.0,"max_hp_gain":0.0,"max_hp_loss":0.0,"gold_gain":0.0,"event_name":"Falling","player_choice":"Removed Skill","floor":38.0,"gold_loss":0.0,"damage_taken":0.0}],"is_beta":false,"boss_relics":[{"not_picked":["Runic Cube","Black Star"],"picked":"Sozu"},{"not_picked":["Empty Cage","Busted Crown"],"picked":"Astrolabe"}],"items_purged_floors":[20,41],"is_endless":false,"potions_floor_spawned":[3,8,14,16,18,21,29,40,44],"killed_by":"Awakened One","ascension_level":20}