{"gold_per_floor":[364,382,382,75,88,124,124,145,145,12,12,12,12,56,56,152,152,176,200,200,223,142,181,181,196,247,247,87,87],"floor_reached":29,"playtime":1238,"items_purged":[],"score":502,"play_id":"323d3cc2-1392-4eb2-9130-90449d830691","local_time":"20201023101537","is_ascension_mode":true,"campfire_choices":[{"data":"Bash","floor":7.0,"key":"SMITH"},{"data":"Whirlwind","floor":13.0,"key":"SMITH"},{"data":"Inflame","floor":15.0,"key":"SMITH"},{"data":"Feed","floor":24.0,"key":"SMITH"}],"neow_cost":"TEN_PERCENT_HP_LOSS","seed_source_timestamp":644879461787700,"circlet_count":0,"master_deck":["AscendersBane","Strike_R","Strike_R","Strike_R","Strike_R","Defend_R","Defend_R","Defend_R","Defend_R","Bash+1","Shrug It Off","Twin Strike","Dropkick","Whirlwind+1","Twin Strike","Pommel Strike","Inflame+1","Shrug It Off","Battle Trance","Feed+1","Dropkick","Havoc+1","Disarm","Writhe"],"special_seed":0,"relics":["Burning Blood","Golden Idol","Paper Frog","StrikeDummy","Kunai","Self Forming Clay","Coffee Dripper","Anchor","Orichalcum","Eternal Feather","Akabeko"],"potions_floor_usage":[],"damage_taken":[{"damage":6.0,"enemies":"Small Slimes","floor":1.0,"turns":5.0},{"damage":9.0,"enemies":"2 Louse","floor":2.0,"turns":3.0},{"damage":1.0,"enemies":"Cultist","floor":5.0,"turns":3.0},{"damage":32.0,"enemies":"Gremlin Nob","floor":6.0,"turns":4.0},{"damage":7.0,"enemies":"3 Louse","floor":8.0,"turns":3.0},{"damage":13.0,"enemies":"Lagavulin","floor":14.0,"turns":5.0},{"damage":22.0,"enemies":"Hexaghost","floor":16.0,"turns":6.0},{"damage":12.0,"enemies":"Chosen","floor":18.0,"turns":4.0},{"damage":17.0,"enemies":"2 Thieves","floor":19.0,"turns":3.0},{"damage":17.0,"enemies":"Centurion and Healer","floor":21.0,"turns":8.0},{"damage":23.0,"enemies":"Gremlin Leader","floor":23.0,"turns":6.0},{"damage":10,"enemies":"Snecko","floor":25,"turns":3},{"damage":9,"enemies":"Snake Plant","floor":29,"turns":2}],"seed_played":"8484488059112833169","potions_obtained":[{"floor":2.0,"key":"Dexterity Potion"},{"floor":5.0,"key":"DistilledChaos"},{"floor":6.0,"key":"Dexterity Potion"},{"floor":19.0,"key":"Ancient Potion"}],"is_trial":false,"path_per_floor":["M","M","?","$","M","E","R","M","T","$","?","?","R","E","R","B",null,"M","M","?","M","$","E","R","M","T","?","$","M"],"character_chosen":"IRONCLAD","items_purchased":["Paper Frog","Dropkick","Inflame","Shrug It Off","Disarm","Akabeko"],"campfire_rested":0,"item_purchase_floors":[4,4,10,10,22,28],"current_hp_per_floor":[68,65,62,62,62,36,36,35,35,35,35,35,35,28,28,12,50,47,39,39,31,31,14,14,10,10,10,10,1],"gold":87,"neow_bonus":"TWO_FIFTY_GOLD","is_prod":false,"is_daily":false,"chose_seed":false,"campfire_upgraded":4,"win_rate":0,"timestamp":1603466137,"path_taken":["M","M","?","$","M","E","R","M","T","$","?","?","R","E","R","BOSS","M","?","?","M","$","E","R","M","T","?","$","M"],"build_version":"2020-07-30","purchased_purges":0,"victory":false,"max_hp_per_floor":[68,68,62,62,62,62,62,62,62,62,62,62,62,62,62,62,62,65,68,68,71,71,71,71,71,71,71,71,71],"card_choices":[{"not_picked":["Infernal Blade","Entrench"],"picked":"Shrug It Off","floor":1.0},{"not_picked":["Armaments","Perfected Strike"],"picked":"Twin Strike","floor":2.0},{"not_picked":["Anger","Flex"],"picked":"Whirlwind","floor":5.0},{"not_picked":["Wild Strike","Double Tap"],"picked":"Twin Strike","floor":6.0},{"not_picked":["Sword Boomerang","Iron Wave"],"picked":"Pommel Strike","floor":8.0},{"not_picked":["Anger","Clothesline"],"picked":"Battle Trance","floor":14.0},{"not_picked":["Double Tap","Immolate"],"picked":"Feed","floor":16.0},{"not_picked":["Sword Boomerang","Anger","Hemokinesis+1"],"picked":"SKIP","floor":18.0},{"not_picked":["Flex+1","Pommel Strike"],"picked":"Dropkick","floor":19.0},{"not_picked":["Clothesline","Perfected Strike"],"picked":"Havoc+1","floor":21.0},{"not_picked":["Wild Strike","Perfected Strike","Clash"],"picked":"SKIP","floor":23.0},{"not_picked":["Flex","Dropkick","Barricade"],"picked":"SKIP","floor":25}],"player_experience":1166230,"relics_obtained":[{"floor":6.0,"key":"StrikeDummy"},{"floor":9.0,"key":"Kunai"},{"floor":14.0,"key":"Self Forming Clay"},{"floor":23.0,"key":"Anchor"},{"floor":26,"key":"Orichalcum"}],"event_choices":[{"damage_healed":0.0,"max_hp_gain":0.0,"max_hp_loss":6.0,"gold_gain":0.0,"event_name":"Golden Idol","player_choice":"Lose Max HP","floor":3.0,"gold_loss":0.0,"damage_taken":0.0,"relics_obtained":["Golden Idol"]},{"damage_healed":0.0,"max_hp_gain":0.0,"max_hp_loss":0.0,"gold_gain":0.0,"event_name":"Liars Game","player_choice":"Ignored","floor":11.0,"gold_loss":0.0,"damage_taken":0.0},{"cards_removed":["Strike_R"],"damage_healed":0.0,"max_hp_gain":0.0,"max_hp_loss":0.0,"gold_gain":0.0,"event_name":"Bonfire Elementals","player_choice":"Offered Basic","floor":12.0,"gold_loss":0.0,"damage_taken":0.0},{"damage_healed":0.0,"max_hp_gain":0.0,"max_hp_loss":0.0,"gold_gain":0.0,"event_name":"Vampires","player_choice":"Ignored","floor":20.0,"gold_loss":0.0,"damage_taken":0.0},{"damage_healed":0,"gold_gain":0,"player_choice":"Opened","damage_taken":0,"relics_obtained":["Eternal Feather"],"max_hp_gain":0,"max_hp_loss":0,"event_name":"The Mausoleum","floor":27,"gold_loss":0,"cards_obtained":["Writhe"]}],"is_beta":false,"boss_relics":[{"not_picked":["Black Star","Philosopher\u0027s Stone"],"picked":"Coffee Dripper"}],"items_purged_floors":[],"is_endless":false,"potions_floor_spawned":[2,5,6,8,19,25],"killed_by":"Snake Plant","ascension_level":20}