{"gold_per_floor":[112,127,74,74,39,71,90,90,90,102,122,137,153,182,182,256,256,273,285,8,8],"floor_reached":21,"playtime":1094,"items_purged":[],"score":386,"play_id":"984e6f88-2eb6-48f9-ad92-f64dfee646a5","local_time":"20201101222748","is_ascension_mode":true,"campfire_choices":[{"data":"Bash","floor":8.0,"key":"SMITH"},{"floor":15.0,"key":"REST"}],"neow_cost":"NONE","seed_source_timestamp":0,"circlet_count":0,"master_deck":["AscendersBane","Strike_R","Strike_R","Strike_R","Strike_R","Strike_R","Defend_R","Defend_R","Defend_R","Defend_R","Bash+1","Power Through","Ghostly Armor","Cleave","Feel No Pain","Disarm","Iron Wave","Demon Form","Shrug It Off","Wild Strike","Body Slam","Havoc","Evolve"],"special_seed":0,"relics":["Sozu","Calipers","Bottled Lightning","Matryoshka","Charon\u0027s Ashes","Mark of Pain","Mercury Hourglass"],"potions_floor_usage":[],"damage_taken":[{"damage":7.0,"enemies":"Jaw Worm","floor":1.0,"turns":3.0},{"damage":0.0,"enemies":"Cultist","floor":2.0,"turns":3.0},{"damage":35.0,"enemies":"3 Sentries","floor":6.0,"turns":9.0},{"damage":0.0,"enemies":"2 Louse","floor":7.0,"turns":2.0},{"damage":10.0,"enemies":"Lots of Slimes","floor":10.0,"turns":6.0},{"damage":5.0,"enemies":"Gremlin Gang","floor":11.0,"turns":5.0},{"damage":0.0,"enemies":"3 Louse","floor":12.0,"turns":4.0},{"damage":1.0,"enemies":"Blue Slaver","floor":13.0,"turns":4.0},{"damage":20.0,"enemies":"Lagavulin","floor":14.0,"turns":8.0},{"damage":11.0,"enemies":"Slime Boss","floor":16.0,"turns":8.0},{"damage":9.0,"enemies":"Spheric Guardian","floor":18.0,"turns":4.0},{"damage":33.0,"enemies":"Chosen","floor":19.0,"turns":5.0},{"damage":0,"enemies":"Centurion and Healer","floor":21,"turns":1}],"seed_played":"4082187972088794468","potions_obtained":[],"is_trial":false,"path_per_floor":["M","M","$","?","?","E","M","R","T","M","M","M","M","E","R","B",null,"M","M","$","M"],"character_chosen":"IRONCLAD","items_purchased":["Cleave","Mercury Hourglass"],"campfire_rested":1,"item_purchase_floors":[3,20],"current_hp_per_floor":[61,61,61,56,74,39,39,39,39,29,24,24,23,3,25,14,60,51,18,18,18],"gold":8,"neow_bonus":"BOSS_RELIC","is_prod":false,"is_daily":false,"chose_seed":false,"campfire_upgraded":1,"win_rate":0,"timestamp":1604291268,"path_taken":["M","M","$","?","?","E","?","R","T","M","M","M","M","E","R","BOSS","M","M","$","M"],"build_version":"2020-07-30","purchased_purges":0,"victory":false,"max_hp_per_floor":[75,75,75,75,75,75,75,75,75,75,75,75,75,75,75,75,75,75,75,75,75],"card_choices":[{"not_picked":["Sever Soul","Thunderclap"],"picked":"Power Through","floor":1.0},{"not_picked":["Searing Blow","Bloodletting"],"picked":"Ghostly Armor","floor":2.0},{"not_picked":["Spot Weakness","Shrug It Off"],"picked":"Feel No Pain","floor":6.0},{"not_picked":["Reckless Charge","Intimidate"],"picked":"Disarm","floor":7.0},{"not_picked":["Clash","Heavy Blade"],"picked":"Iron Wave","floor":10.0},{"not_picked":["Iron Wave","Clothesline"],"picked":"Demon Form","floor":11.0},{"not_picked":["Thunderclap","Armaments"],"picked":"Shrug It Off","floor":12.0},{"not_picked":["Twin Strike","Pommel Strike"],"picked":"Wild Strike","floor":13.0},{"not_picked":["Spot Weakness","Sword Boomerang"],"picked":"Body Slam","floor":14.0},{"not_picked":["Rupture","Anger"],"picked":"Havoc","floor":18.0},{"not_picked":["Clothesline","True Grit"],"picked":"Evolve","floor":19.0}],"player_experience":1187672,"relics_obtained":[{"floor":6.0,"key":"Bottled Lightning"},{"floor":9.0,"key":"Matryoshka"},{"floor":14.0,"key":"Charon\u0027s Ashes"}],"event_choices":[{"damage_healed":0.0,"max_hp_gain":0.0,"max_hp_loss":0.0,"gold_gain":0.0,"event_name":"Scrap Ooze","player_choice":"Success","floor":4.0,"gold_loss":0.0,"damage_taken":5.0,"relics_obtained":["Calipers"]},{"damage_healed":18.0,"max_hp_gain":0.0,"max_hp_loss":0.0,"gold_gain":0.0,"event_name":"The Cleric","player_choice":"Healed","floor":5.0,"gold_loss":35.0,"damage_taken":0.0}],"is_beta":false,"boss_relics":[{"not_picked":["Busted Crown","Black Star"],"picked":"Mark of Pain"}],"items_purged_floors":[],"is_endless":false,"potions_floor_spawned":[1,2,6,13,14,18,19],"killed_by":"Centurion and Healer","ascension_level":20}