{"gold_per_floor":[118,134,154,164,179,214,229,229,229,259,259,96,96,108,108,108],"floor_reached":16,"playtime":800,"items_purged":[],"score":228,"play_id":"106a3fe5-9504-45b7-8a35-1814bb7f7bc4","local_time":"20201031185112","is_ascension_mode":true,"campfire_choices":[{"data":"Fiend Fire","floor":8,"key":"SMITH"},{"data":"Inflame","floor":11,"key":"SMITH"},{"data":"True Grit","floor":15,"key":"SMITH"}],"neow_cost":"PERCENT_DAMAGE","seed_source_timestamp":1367546073623300,"circlet_count":0,"master_deck":["AscendersBane","Strike_R","Strike_R","Strike_R","Strike_R","Strike_R","Defend_R","Defend_R","Defend_R","Defend_R","Bash","Pummel","Inflame+1","Fiend Fire+1","Sword Boomerang","Burning Pact","True Grit+1","Immolate","Ghostly Armor"],"relics":["Burning Blood","Du-Vu Doll","Toy Ornithopter","Frozen Egg 2","Centennial Puzzle","OrangePellets"],"potions_floor_usage":[6,10,16,16],"damage_taken":[{"damage":6,"enemies":"Cultist","floor":1,"turns":3},{"damage":4,"enemies":"Small Slimes","floor":2,"turns":4},{"damage":7,"enemies":"2 Louse","floor":3,"turns":3},{"damage":6,"enemies":"Looter","floor":4,"turns":2},{"damage":11,"enemies":"Blue Slaver","floor":5,"turns":3},{"damage":8,"enemies":"Gremlin Nob","floor":6,"turns":3},{"damage":11,"enemies":"2 Fungi Beasts","floor":7,"turns":3},{"damage":20,"enemies":"Lagavulin","floor":10,"turns":5},{"damage":6,"enemies":"Lots of Slimes","floor":14,"turns":2},{"damage":50,"enemies":"Hexaghost","floor":16,"turns":9}],"seed_played":"6362114394346011617","potions_obtained":[{"floor":2,"key":"GamblersBrew"},{"floor":4,"key":"Swift Potion"},{"floor":6,"key":"EssenceOfSteel"},{"floor":14,"key":"ColorlessPotion"}],"is_trial":false,"path_per_floor":["M","M","M","M","M","E","M","R","T","E","R","$","?","M","R","B"],"character_chosen":"IRONCLAD","items_purchased":["OrangePellets"],"campfire_rested":0,"item_purchase_floors":[12],"current_hp_per_floor":[50,52,51,51,46,44,39,39,39,30,30,30,55,55,55,15],"gold":108,"neow_bonus":"ONE_RARE_RELIC","is_prod":false,"is_daily":false,"chose_seed":false,"campfire_upgraded":3,"win_rate":0,"timestamp":1604188272,"path_taken":["M","M","?","M","M","E","M","R","T","E","R","$","?","M","R","BOSS"],"build_version":"2020-07-30","purchased_purges":0,"victory":false,"max_hp_per_floor":[75,75,75,75,75,75,75,75,75,75,75,75,75,75,75,75],"card_choices":[{"not_picked":["Thunderclap","Warcry","Flex"],"picked":"SKIP","floor":1},{"not_picked":["Thunderclap","Twin Strike"],"picked":"Pummel","floor":2},{"not_picked":["Anger","Flex"],"picked":"Inflame","floor":3},{"not_picked":["Twin Strike","Rampage"],"picked":"Fiend Fire","floor":4},{"not_picked":["Headbutt","Evolve"],"picked":"Sword Boomerang","floor":5},{"not_picked":["Corruption","Rampage"],"picked":"Burning Pact","floor":6},{"not_picked":["Blood for Blood","Flex"],"picked":"True Grit","floor":7},{"not_picked":["Flex","Entrench"],"picked":"Immolate","floor":10},{"not_picked":["Cleave","Intimidate"],"picked":"Ghostly Armor","floor":14}],"player_experience":1184719,"relics_obtained":[{"floor":6,"key":"Toy Ornithopter"},{"floor":9,"key":"Frozen Egg 2"},{"floor":10,"key":"Centennial Puzzle"}],"event_choices":[{"damage_healed":25,"gold_gain":0,"player_choice":"Banana","damage_taken":0,"max_hp_gain":0,"max_hp_loss":0,"event_name":"Big Fish","floor":13,"gold_loss":0}],"is_beta":false,"boss_relics":[],"items_purged_floors":[],"is_endless":false,"potions_floor_spawned":[2,4,5,6,7,14],"killed_by":"Hexaghost","ascension_level":20}