{"gold_per_floor":[362,372,372,46,61,61,89,60,84,95,95,122,142,167,167,243,243,262,276,176,91,104,104,134,59,59,69,69,89,89,117,117,117],"floor_reached":33,"playtime":1655,"items_purged":["Strike_R","Strike_R"],"score":710,"play_id":"5c02952e-8114-46b6-867f-289c7812e83d","local_time":"20201119193020","is_ascension_mode":true,"campfire_choices":[{"data":"Hemokinesis","floor":6,"key":"SMITH"},{"data":"Fiend Fire","floor":15,"key":"SMITH"},{"data":"Heavy Blade","floor":23,"key":"SMITH"},{"data":"Corruption","floor":28,"key":"SMITH"},{"data":"Intimidate","floor":30,"key":"SMITH"},{"floor":32,"key":"REST"}],"neow_cost":"TEN_PERCENT_HP_LOSS","seed_source_timestamp":3014300722377600,"circlet_count":0,"master_deck":["AscendersBane","Strike_R","Defend_R","Defend_R","Defend_R+1","Defend_R","Bash+1","Anger","Rampage","Hemokinesis+1","Shrug It Off","Power Through+1","Twin Strike","Intimidate+1","Heavy Blade+1","Fiend Fire+1","Corruption+1","Pummel+1","Flame Barrier","Doubt","Shrug It Off"],"relics":["Burning Blood","Brimstone","Toy Ornithopter","War Paint","Centennial Puzzle","StoneCalendar","Cursed Key","Potion Belt","Shuriken","White Beast Statue","FossilizedHelix"],"potions_floor_usage":[14,31,33,33],"damage_taken":[{"damage":3,"enemies":"2 Louse","floor":1,"turns":4},{"damage":2,"enemies":"Cultist","floor":2,"turns":4},{"damage":7,"enemies":"Small Slimes","floor":5,"turns":2},{"damage":20,"enemies":"3 Sentries","floor":7,"turns":5},{"damage":2,"enemies":"Red Slaver","floor":10,"turns":2},{"damage":7,"enemies":"Gremlin Nob","floor":12,"turns":3},{"damage":0,"enemies":"3 Louse","floor":13,"turns":4},{"damage":13,"enemies":"3 Sentries","floor":14,"turns":4},{"damage":2,"enemies":"Slime Boss","floor":16,"turns":5},{"damage":2,"enemies":"Spheric Guardian","floor":18,"turns":3},{"damage":20,"enemies":"Shell Parasite","floor":19,"turns":3},{"damage":7,"enemies":"Snecko","floor":22,"turns":3},{"damage":8,"enemies":"Book of Stabbing","floor":24,"turns":3},{"damage":12,"enemies":"Cultist and Chosen","floor":27,"turns":4},{"damage":25,"enemies":"Chosen and Byrds","floor":29,"turns":4},{"damage":17,"enemies":"Slavers","floor":31,"turns":4},{"damage":89,"enemies":"Automaton","floor":33,"turns":6}],"seed_played":"5497346593786389107","potions_obtained":[{"floor":1,"key":"SteroidPotion"},{"floor":13,"key":"Swift Potion"},{"floor":14,"key":"ColorlessPotion"},{"floor":16,"key":"Regen Potion"},{"floor":22,"key":"SpeedPotion"},{"floor":27,"key":"BlessingOfTheForge"},{"floor":29,"key":"Fire Potion"},{"floor":31,"key":"BlessingOfTheForge"}],"is_trial":false,"path_per_floor":["M","M","?","$","M","R","E","$","T","M","?","E","M","E","R","B",null,"M","M","$","?","M","R","E","?","T","M","R","M","R","E","R","B"],"character_chosen":"IRONCLAD","items_purchased":["Brimstone","Hemokinesis","Twin Strike"],"campfire_rested":1,"item_purchase_floors":[4,4,8],"current_hp_per_floor":[68,68,68,68,67,67,53,53,53,57,57,56,62,60,60,64,67,68,54,54,54,53,53,51,51,51,45,45,26,26,20,40,0],"gold":117,"neow_bonus":"TWO_FIFTY_GOLD","is_prod":false,"is_daily":false,"chose_seed":false,"campfire_upgraded":5,"win_rate":0,"timestamp":1605835820,"path_taken":["M","M","?","?","?","R","E","$","T","M","?","E","M","E","R","BOSS","M","M","$","?","M","R","E","?","T","M","R","M","R","E","R","BOSS"],"build_version":"2020-07-30","purchased_purges":2,"victory":false,"max_hp_per_floor":[68,68,68,68,68,68,68,68,68,68,68,68,68,68,68,68,68,68,68,68,68,68,68,68,68,68,68,68,68,68,68,68,68],"card_choices":[{"not_picked":["Havoc","Shockwave"],"picked":"Anger","floor":1},{"not_picked":["Flex","Bloodletting"],"picked":"Rampage","floor":2},{"not_picked":["Clothesline","Wild Strike"],"picked":"Shrug It Off","floor":5},{"not_picked":["Bloodletting","Blood for Blood"],"picked":"Power Through","floor":7},{"not_picked":["Headbutt","Thunderclap","Clothesline"],"picked":"SKIP","floor":10},{"not_picked":["Seeing Red","Pommel Strike"],"picked":"Intimidate","floor":12},{"not_picked":["Anger","Infernal Blade"],"picked":"Heavy Blade","floor":13},{"not_picked":["Shrug It Off","Thunderclap"],"picked":"Fiend Fire","floor":14},{"not_picked":["Offering","Berserk"],"picked":"Corruption","floor":16},{"not_picked":["Fire Breathing","Infernal Blade","Warcry"],"picked":"SKIP","floor":18},{"not_picked":["Heavy Blade","Combust"],"picked":"Pummel+1","floor":19},{"not_picked":["Fire Breathing","Sever Soul"],"picked":"Flame Barrier","floor":22},{"not_picked":["Searing Blow","Flex","Anger"],"picked":"SKIP","floor":24},{"not_picked":["Cleave","Spot Weakness"],"picked":"Shrug It Off","floor":27},{"not_picked":["Havoc","Warcry","Metallicize"],"picked":"SKIP","floor":29},{"not_picked":["Hemokinesis","Exhume","Evolve"],"picked":"SKIP","floor":31}],"player_experience":1228599,"relics_obtained":[{"floor":7,"key":"Toy Ornithopter"},{"floor":9,"key":"War Paint"},{"floor":12,"key":"Centennial Puzzle"},{"floor":14,"key":"StoneCalendar"},{"floor":24,"key":"Shuriken"},{"floor":26,"key":"White Beast Statue"},{"floor":31,"key":"FossilizedHelix"}],"event_choices":[{"damage_healed":0,"gold_gain":0,"player_choice":"Upgraded","damage_taken":0,"max_hp_gain":0,"max_hp_loss":0,"event_name":"Upgrade Shrine","floor":3,"gold_loss":0,"cards_upgraded":["Bash"]},{"cards_removed":["Strike_R"],"damage_healed":0,"gold_gain":0,"player_choice":"Offered Basic","damage_taken":0,"max_hp_gain":0,"max_hp_loss":0,"event_name":"Bonfire Elementals","floor":11,"gold_loss":0},{"damage_healed":0,"gold_gain":0,"player_choice":"Obtained Relic","damage_taken":0,"relics_obtained":["Potion Belt"],"max_hp_gain":0,"max_hp_loss":0,"event_name":"Addict","floor":21,"gold_loss":85},{"cards_removed":["Strike_R"],"damage_healed":0,"gold_gain":0,"player_choice":"Gave Gold","damage_taken":0,"max_hp_gain":0,"max_hp_loss":0,"event_name":"Beggar","floor":25,"gold_loss":75}],"is_beta":false,"boss_relics":[{"not_picked":["Runic Cube","Runic Pyramid"],"picked":"Cursed Key"}],"items_purged_floors":[4,20],"is_endless":false,"potions_floor_spawned":[1,13,14,16,22,27,29,31],"killed_by":"Automaton","ascension_level":20}