{"gold_per_floor":[15,33,48,66,66,66,94,114,114,33,53,53,53,73,73,146,146,166,186,203,203,34,34,47,73,73,73,73,73,89,115,115,192,192,206,220,268,168,168,168,179,213,278,303,315,327],"floor_reached":46,"playtime":2158,"items_purged":["Armaments"],"score":1084,"play_id":"841ecd3f-32ad-4298-833f-54960c4106fb","local_time":"20201116214541","is_ascension_mode":true,"campfire_choices":[{"data":"Searing Blow+1","floor":6.0,"key":"SMITH"},{"data":"Searing Blow+2","floor":12.0,"key":"SMITH"},{"data":"Searing Blow+4","floor":15.0,"key":"SMITH"},{"data":"Searing Blow+5","floor":23.0,"key":"SMITH"},{"data":"Searing Blow+6","floor":27.0,"key":"SMITH"},{"floor":29.0,"key":"REST"},{"data":"Searing Blow+7","floor":32.0,"key":"SMITH"},{"data":"Searing Blow+8","floor":40.0,"key":"SMITH"},{"floor":45,"key":"REST"}],"neow_cost":"NO_GOLD","seed_source_timestamp":2762364977425200,"circlet_count":0,"master_deck":["AscendersBane","Strike_R+1","Strike_R+1","Strike_R+1","Defend_R+1","Defend_R+1","Defend_R+1","Defend_R+1","Bash","Searing Blow+9","Double Tap","Battle Trance","Cleave","Intimidate","Spot Weakness","Shrug It Off","Ghostly Armor","Armaments","Fiend Fire","Hemokinesis+1","Dual Wield","Offering","Shrug It Off","Ghostly Armor+1","Headbutt","Apotheosis","Battle Trance","Pain"],"special_seed":0,"relics":["Burning Blood","Letter Opener","Darkstone Periapt","Busted Crown","Bag of Marbles","Question Card","CaptainsWheel","Smiling Mask","Cursed Key","Shovel","MawBank"],"potions_floor_usage":[46],"damage_taken":[{"damage":9.0,"enemies":"Jaw Worm","floor":1.0,"turns":4.0},{"damage":1.0,"enemies":"Cultist","floor":2.0,"turns":3.0},{"damage":5.0,"enemies":"Small Slimes","floor":3.0,"turns":3.0},{"damage":12.0,"enemies":"Looter","floor":4.0,"turns":5.0},{"damage":45.0,"enemies":"Gremlin Nob","floor":7.0,"turns":5.0},{"damage":13.0,"enemies":"Exordium Thugs","floor":8.0,"turns":4.0},{"damage":4.0,"enemies":"3 Louse","floor":11.0,"turns":3.0},{"damage":0.0,"enemies":"Looter","floor":14.0,"turns":2.0},{"damage":25.0,"enemies":"The Guardian","floor":16.0,"turns":11.0},{"damage":21.0,"enemies":"3 Byrds","floor":18.0,"turns":5.0},{"damage":3.0,"enemies":"2 Thieves","floor":19.0,"turns":3.0},{"damage":6.0,"enemies":"Snake Plant","floor":20.0,"turns":3.0},{"damage":4.0,"enemies":"Cultist and Chosen","floor":24.0,"turns":4.0},{"damage":25.0,"enemies":"Slavers","floor":25.0,"turns":4.0},{"damage":0.0,"enemies":"Snecko","floor":30.0,"turns":2.0},{"damage":3.0,"enemies":"Gremlin Leader","floor":31.0,"turns":3.0},{"damage":45.0,"enemies":"Collector","floor":33.0,"turns":7.0},{"damage":13.0,"enemies":"3 Darklings","floor":35.0,"turns":5.0},{"damage":6.0,"enemies":"Orb Walker","floor":36.0,"turns":1.0},{"damage":20.0,"enemies":"2 Orb Walkers","floor":37.0,"turns":4.0},{"damage":26.0,"enemies":"Jaw Worm Horde","floor":41.0,"turns":3.0},{"damage":2.0,"enemies":"Reptomancer","floor":42.0,"turns":2.0},{"damage":18,"enemies":"Transient","floor":44,"turns":6},{"damage":28,"enemies":"4 Shapes","floor":46,"turns":3}],"seed_played":"-5720074747745139357","potions_obtained":[{"floor":1.0,"key":"Energy Potion"},{"floor":3.0,"key":"Weak Potion"},{"floor":8.0,"key":"DuplicationPotion"},{"floor":11.0,"key":"GamblersBrew"},{"floor":18.0,"key":"GamblersBrew"},{"floor":30.0,"key":"Regen Potion"},{"floor":41.0,"key":"ColorlessPotion"},{"floor":42.0,"key":"Dexterity Potion"}],"is_trial":false,"path_per_floor":["M","M","M","M","?","R","E","M","T","$","M","R","?","M","R","B",null,"M","M","M","?","$","R","M","E","T","R","?","R","M","E","R","B",null,"M","M","?","$","?","R","M","E","T","M","R","M"],"character_chosen":"IRONCLAD","items_purchased":["Ghostly Armor","Bag of Marbles","Headbutt"],"campfire_rested":2,"item_purchase_floors":[10,22,38],"current_hp_per_floor":[65,70,71,65,65,65,26,19,19,19,21,21,21,27,27,8,58,43,46,46,46,46,46,48,29,29,29,29,51,57,60,60,21,62,55,55,41,41,41,41,21,25,31,19,43,15],"gold":327,"neow_bonus":"TRANSFORM_TWO_CARDS","is_prod":false,"is_daily":false,"chose_seed":false,"campfire_upgraded":7,"win_rate":0,"timestamp":1605584741,"path_taken":["M","M","M","M","?","R","E","M","T","$","M","R","?","M","R","BOSS","M","M","M","?","$","R","M","E","T","R","?","R","M","E","R","BOSS","M","M","?","$","?","R","M","E","T","M","R","M"],"build_version":"2020-07-30","purchased_purges":1,"victory":false,"max_hp_per_floor":[75,75,75,75,75,75,75,75,75,75,75,75,75,75,75,75,75,75,75,75,75,75,75,75,75,75,75,75,75,75,75,75,75,75,75,75,75,75,75,75,75,75,81,81,81,81],"card_choices":[{"not_picked":["Infernal Blade","Wild Strike"],"picked":"Battle Trance","floor":1.0},{"not_picked":["Clash","Seeing Red","Sentinel"],"picked":"SKIP","floor":2.0},{"not_picked":["Inflame","True Grit"],"picked":"Cleave","floor":3.0},{"not_picked":["Wild Strike","Rampage"],"picked":"Intimidate","floor":4.0},{"not_picked":["Cleave","Bloodletting"],"picked":"Spot Weakness","floor":7.0},{"not_picked":["True Grit","Dual Wield"],"picked":"Shrug It Off","floor":8.0},{"not_picked":["Clothesline","Second Wind"],"picked":"Armaments","floor":11.0},{"not_picked":["Iron Wave","Flex"],"picked":"Armaments","floor":14.0},{"not_picked":["Berserk","Brutality"],"picked":"Fiend Fire","floor":16.0},{"not_picked":["Dark Embrace"],"picked":"SKIP","floor":18.0},{"not_picked":["Body Slam"],"picked":"SKIP","floor":19.0},{"not_picked":[],"picked":"Hemokinesis+1","floor":20.0},{"not_picked":["Entrench"],"picked":"SKIP","floor":24.0},{"not_picked":[],"picked":"Dual Wield","floor":25.0},{"not_picked":["Second Wind","Bloodletting+1"],"picked":"SKIP","floor":30.0},{"not_picked":["Sever Soul","Pummel"],"picked":"SKIP","floor":31.0},{"not_picked":["Immolate"],"picked":"Offering","floor":33.0},{"not_picked":["Clothesline"],"picked":"Shrug It Off","floor":35.0},{"not_picked":["Flex"],"picked":"Ghostly Armor+1","floor":36.0},{"not_picked":["Good Instincts"],"picked":"Apotheosis","floor":39.0},{"not_picked":["Fire Breathing"],"picked":"Battle Trance","floor":41.0},{"not_picked":["Perfected Strike","Cleave"],"picked":"SKIP","floor":42.0},{"not_picked":["Clothesline","Anger+1"],"picked":"SKIP","floor":44}],"player_experience":1214220,"relics_obtained":[{"floor":7.0,"key":"Letter Opener"},{"floor":9.0,"key":"Darkstone Periapt"},{"floor":25.0,"key":"Question Card"},{"floor":26.0,"key":"CaptainsWheel"},{"floor":31.0,"key":"Smiling Mask"},{"floor":37.0,"key":"Shovel"},{"floor":42.0,"key":"MawBank"}],"event_choices":[{"damage_healed":0.0,"max_hp_gain":0.0,"max_hp_loss":0.0,"gold_gain":0.0,"event_name":"Living Wall","player_choice":"Grow","floor":5.0,"gold_loss":0.0,"damage_taken":0.0,"cards_upgraded":["Searing Blow"]},{"damage_healed":0.0,"max_hp_gain":0.0,"max_hp_loss":0.0,"gold_gain":0.0,"event_name":"Upgrade Shrine","player_choice":"Upgraded","floor":13.0,"gold_loss":0.0,"damage_taken":0.0,"cards_upgraded":["Searing Blow"]},{"damage_healed":0.0,"max_hp_gain":0.0,"max_hp_loss":0.0,"gold_gain":0.0,"event_name":"Back to Basics","player_choice":"Simplicity","floor":21.0,"gold_loss":0.0,"damage_taken":0.0,"cards_upgraded":["Strike_R","Strike_R","Strike_R","Defend_R","Defend_R","Defend_R","Defend_R"]},{"damage_healed":0.0,"max_hp_gain":0.0,"max_hp_loss":0.0,"gold_gain":0.0,"event_name":"Vampires","player_choice":"Ignored","floor":28.0,"gold_loss":0.0,"damage_taken":0.0},{"damage_healed":0.0,"max_hp_gain":0.0,"max_hp_loss":0.0,"gold_gain":0.0,"event_name":"Mysterious Sphere","player_choice":"Fight","floor":37.0,"gold_loss":0.0,"damage_taken":0.0},{"damage_healed":0.0,"max_hp_gain":0.0,"max_hp_loss":0.0,"gold_gain":0.0,"event_name":"SensoryStone","player_choice":"Memory 1","floor":39.0,"gold_loss":0.0,"damage_taken":0.0}],"is_beta":false,"boss_relics":[{"not_picked":["Black Blood","Fusion Hammer"],"picked":"Busted Crown"},{"not_picked":["Philosopher\u0027s Stone","Sozu"],"picked":"Cursed Key"}],"items_purged_floors":[38],"is_endless":false,"potions_floor_spawned":[1,3,8,11,18,30,41,42],"killed_by":"4 Shapes","ascension_level":20}