{"gold_per_floor":[111,111,127,140,155,155,169,201,272,300,300,328,344,363,363,434,434,445,52,52,52,71,71,71,71,95,106,137,162,205,227,239,251],"floor_reached":33,"playtime":3211,"items_purged":["Strike_R"],"score":618,"play_id":"8b8317cd-6699-4b2e-b27e-020c6d9c9c75","local_time":"20201124203615","is_ascension_mode":true,"campfire_choices":[{"data":"Inflame","floor":6.0,"key":"SMITH"},{"data":"Feed","floor":11.0,"key":"SMITH"},{"data":"True Grit","floor":15.0,"key":"SMITH"},{"data":"Fiend Fire","floor":23.0,"key":"SMITH"},{"data":"Spot Weakness","floor":25.0,"key":"SMITH"},{"data":"Feel No Pain","floor":32,"key":"SMITH"}],"neow_cost":"NONE","seed_source_timestamp":158271287269200,"circlet_count":0,"master_deck":["AscendersBane","Strike_R","Strike_R","Strike_R","Strike_R","Defend_R","Defend_R","Defend_R","Defend_R","Bash+1","True Grit+1","Armaments","Inflame+1","Cleave","Pommel Strike","Feed+1","Feel No Pain+1","Shrug It Off","Shrug It Off","Fiend Fire+1","Battle Trance","Ghostly","Ghostly","Ghostly","Sword Boomerang","Spot Weakness+1","Feel No Pain","Shockwave","Flame Barrier"],"special_seed":0,"relics":["Burning Blood","Mango","Bottled Flame","CaptainsWheel","Boot","Mark of Pain","Red Skull","Blood Vial","MawBank","Shuriken"],"potions_floor_usage":[],"damage_taken":[{"damage":1.0,"enemies":"Cultist","floor":1.0,"turns":3.0},{"damage":9.0,"enemies":"Jaw Worm","floor":3.0,"turns":7.0},{"damage":9.0,"enemies":"Small Slimes","floor":4.0,"turns":5.0},{"damage":3.0,"enemies":"Exordium Wildlife","floor":5.0,"turns":6.0},{"damage":7.0,"enemies":"Blue Slaver","floor":7.0,"turns":5.0},{"damage":32.0,"enemies":"Gremlin Nob","floor":8.0,"turns":4.0},{"damage":27.0,"enemies":"Lagavulin","floor":10.0,"turns":6.0},{"damage":8.0,"enemies":"Gremlin Nob","floor":12.0,"turns":3.0},{"damage":6.0,"enemies":"2 Fungi Beasts","floor":13.0,"turns":4.0},{"damage":9.0,"enemies":"Red Slaver","floor":14.0,"turns":5.0},{"damage":13.0,"enemies":"Hexaghost","floor":16.0,"turns":9.0},{"damage":18.0,"enemies":"3 Byrds","floor":18.0,"turns":8.0},{"damage":2.0,"enemies":"Shell Parasite","floor":22.0,"turns":6.0},{"damage":3.0,"enemies":"3 Cultists","floor":27.0,"turns":6.0},{"damage":23.0,"enemies":"Slavers","floor":28.0,"turns":9.0},{"damage":3.0,"enemies":"Centurion and Healer","floor":29.0,"turns":8.0},{"damage":19,"enemies":"Gremlin Leader","floor":30,"turns":7},{"damage":0,"enemies":"Snecko","floor":31,"turns":3},{"damage":17,"enemies":"Champ","floor":33,"turns":11}],"seed_played":"6885385438775402675","potions_obtained":[{"floor":3.0,"key":"SmokeBomb"},{"floor":7.0,"key":"BlessingOfTheForge"},{"floor":8.0,"key":"HeartOfIron"},{"floor":10.0,"key":"SneckoOil"},{"floor":12.0,"key":"Energy Potion"},{"floor":16.0,"key":"Ancient Potion"},{"floor":31,"key":"Swift Potion"}],"is_trial":false,"path_per_floor":["M","?","M","M","M","R","M","E","T","E","R","E","M","M","R","B",null,"M","$","?","?","M","R","?","R","T","M","E","M","E","M","R","B"],"character_chosen":"IRONCLAD","items_purchased":["Red Skull","Blood Vial"],"campfire_rested":0,"item_purchase_floors":[19,19],"current_hp_per_floor":[73,78,75,72,75,75,74,62,62,41,41,43,47,44,44,41,90,82,82,55,41,51,51,51,51,51,60,49,58,47,55,55,40],"gold":251,"neow_bonus":"UPGRADE_CARD","is_prod":false,"is_daily":false,"chose_seed":false,"campfire_upgraded":6,"win_rate":0,"timestamp":1606271775,"path_taken":["M","?","M","M","M","R","M","E","T","E","R","E","M","M","R","BOSS","M","$","?","?","M","R","?","R","T","M","E","M","E","?","R","BOSS"],"build_version":"2020-07-30","purchased_purges":1,"victory":false,"max_hp_per_floor":[75,80,80,80,80,80,80,94,94,94,94,98,102,102,102,106,106,110,110,55,60,64,64,64,64,64,68,72,76,76,76,76,76],"card_choices":[{"not_picked":["Perfected Strike","Iron Wave"],"picked":"True Grit","floor":1.0},{"not_picked":["Havoc","Heavy Blade"],"picked":"Armaments","floor":3.0},{"not_picked":["Sentinel","Fire Breathing"],"picked":"Inflame","floor":4.0},{"not_picked":["Clash","Perfected Strike"],"picked":"Cleave","floor":5.0},{"not_picked":["Shrug It Off","Feel No Pain"],"picked":"Pommel Strike","floor":7.0},{"not_picked":["Headbutt","Armaments","Perfected Strike"],"picked":"SKIP","floor":8.0},{"not_picked":["Heavy Blade","Second Wind"],"picked":"Feed","floor":10.0},{"not_picked":["Wild Strike","Clash"],"picked":"Feel No Pain","floor":12.0},{"not_picked":["Cleave","True Grit"],"picked":"Shrug It Off","floor":13.0},{"not_picked":["Clothesline","Whirlwind"],"picked":"Shrug It Off","floor":14.0},{"not_picked":["Limit Break","Double Tap"],"picked":"Fiend Fire","floor":16.0},{"not_picked":["Shrug It Off","Warcry"],"picked":"Battle Trance","floor":18.0},{"not_picked":["Cleave","Pommel Strike"],"picked":"Sword Boomerang","floor":22.0},{"not_picked":["Clothesline","Headbutt"],"picked":"Feel No Pain","floor":27.0},{"not_picked":["Warcry+1","Headbutt","Juggernaut"],"picked":"SKIP","floor":28.0},{"not_picked":["Headbutt","Burning Pact"],"picked":"Shockwave","floor":29.0},{"not_picked":["Pommel Strike","Inflame"],"picked":"Flame Barrier","floor":30},{"not_picked":["Warcry","Combust","Headbutt"],"picked":"SKIP","floor":31}],"player_experience":1246323,"relics_obtained":[{"floor":8.0,"key":"Mango"},{"floor":9.0,"key":"Bottled Flame"},{"floor":10.0,"key":"CaptainsWheel"},{"floor":12.0,"key":"Boot"},{"floor":28.0,"key":"MawBank"},{"floor":30,"key":"Shuriken"}],"event_choices":[{"damage_healed":0.0,"max_hp_gain":5.0,"max_hp_loss":0.0,"gold_gain":0.0,"event_name":"Big Fish","player_choice":"Donut","floor":2.0,"gold_loss":0.0,"damage_taken":0.0},{"damage_healed":0.0,"max_hp_gain":0.0,"max_hp_loss":55.0,"gold_gain":0.0,"event_name":"Ghosts","player_choice":"Became a Ghost","floor":20.0,"gold_loss":0.0,"damage_taken":0.0,"cards_obtained":["Ghostly","Ghostly","Ghostly"]},{"damage_healed":0.0,"max_hp_gain":5.0,"max_hp_loss":0.0,"gold_gain":0.0,"event_name":"Forgotten Altar","player_choice":"Shed Blood","floor":21.0,"gold_loss":0.0,"damage_taken":19.0},{"damage_healed":0.0,"max_hp_gain":0.0,"max_hp_loss":0.0,"gold_gain":0.0,"event_name":"The Library","player_choice":"Read","floor":24.0,"gold_loss":0.0,"damage_taken":0.0,"cards_obtained":["Spot Weakness"]}],"is_beta":false,"boss_relics":[{"not_picked":["Tiny House","Runic Dome"],"picked":"Mark of Pain"}],"items_purged_floors":[19],"is_endless":false,"potions_floor_spawned":[3,7,8,10,12,16,29,31],"killed_by":"Champ","ascension_level":20}