{"gold_per_floor":[117,137,287,287,101,101,120,120,120,150,9,9,36,49,49,126,126,146,161,171,171,4,4,38,38,88,118,135,135,165,165,165,237,237,257,257,83,93,109,109],"floor_reached":40,"playtime":2054,"items_purged":["Doubt","Strike_R"],"score":904,"play_id":"b9214a61-7d92-4c8a-a1d5-bbad3f85243e","local_time":"20201213033435","is_ascension_mode":true,"campfire_choices":[{"data":"Bash","floor":6,"key":"SMITH"},{"data":"Twin Strike","floor":8,"key":"SMITH"},{"data":"Combust","floor":12,"key":"SMITH"},{"data":"Blood for Blood","floor":15,"key":"SMITH"},{"data":"Flame Barrier","floor":23,"key":"SMITH"},{"data":"Hemokinesis","floor":25,"key":"SMITH"},{"floor":32,"key":"REST"}],"neow_cost":"NONE","seed_source_timestamp":0,"circlet_count":0,"master_deck":["AscendersBane","Strike_R+1","Defend_R+1","Defend_R+1","Defend_R+1","Bash+1","Shrug It Off","Twin Strike+1","Pommel Strike","Iron Wave","Hemokinesis+1","Combust+1","Flame Barrier+1","Blood for Blood+1","Immolate+1","Reaper+1","Thunderclap+1","Dropkick+1","Feel No Pain","Battle Trance","Reaper","Shrug It Off","Exhume","Fiend Fire","Warcry+1"],"special_seed":0,"relics":["Burning Blood","Gambling Chip","CaptainsWheel","Nunchaku","Ancient Tea Set","Astrolabe","Medical Kit","Anchor","Blood Vial","StoneCalendar","Eternal Feather","Mark of Pain"],"potions_floor_usage":[13,16,20,27,30,33,40],"damage_taken":[{"damage":6,"enemies":"2 Louse","floor":1,"turns":4},{"damage":10,"enemies":"Small Slimes","floor":2,"turns":4},{"damage":0,"enemies":"Cultist","floor":7,"turns":3},{"damage":9,"enemies":"Gremlin Nob","floor":10,"turns":4},{"damage":11,"enemies":"Lagavulin","floor":13,"turns":4},{"damage":4,"enemies":"Large Slime","floor":14,"turns":3},{"damage":30,"enemies":"The Guardian","floor":16,"turns":6},{"damage":15,"enemies":"Spheric Guardian","floor":18,"turns":3},{"damage":4,"enemies":"3 Byrds","floor":19,"turns":3},{"damage":10,"enemies":"Snecko","floor":20,"turns":4},{"damage":17,"enemies":"Gremlin Leader","floor":24,"turns":5},{"damage":23,"enemies":"Book of Stabbing","floor":27,"turns":4},{"damage":21,"enemies":"Centurion and Healer","floor":28,"turns":6},{"damage":21,"enemies":"Gremlin Leader","floor":30,"turns":4},{"damage":34,"enemies":"Champ","floor":33,"turns":9},{"damage":17,"enemies":"3 Darklings","floor":35,"turns":4},{"damage":0,"enemies":"Orb Walker","floor":38,"turns":2},{"damage":20,"enemies":"Spire Growth","floor":39,"turns":4},{"damage":64,"enemies":"Giant Head","floor":40,"turns":6}],"seed_played":"-1744331591899904090","potions_obtained":[{"floor":2,"key":"ColorlessPotion"},{"floor":10,"key":"SneckoOil"},{"floor":16,"key":"AttackPotion"},{"floor":19,"key":"GamblersBrew"},{"floor":20,"key":"Explosive Potion"},{"floor":30,"key":"ColorlessPotion"},{"floor":33,"key":"Explosive Potion"},{"floor":38,"key":"SkillPotion"}],"is_trial":false,"path_per_floor":["M","M","?","?","$","R","M","R","T","E","$","R","E","M","R","B",null,"M","M","M","?","$","R","E","R","T","E","M","?","E","?","R","B",null,"M","?","$","M","M","E"],"character_chosen":"IRONCLAD","items_purchased":["DistilledChaos","Pommel Strike","Combust","Medical Kit","Fiend Fire"],"campfire_rested":1,"item_purchase_floors":[5,5,11,22,37],"current_hp_per_floor":[75,71,71,53,53,53,59,59,59,56,56,56,51,53,53,29,69,60,62,63,63,63,63,66,66,66,51,48,48,35,35,71,52,75,76,76,76,82,68,6],"gold":109,"neow_bonus":"TEN_PERCENT_HP_BONUS","is_prod":false,"is_daily":false,"chose_seed":false,"campfire_upgraded":6,"win_rate":0,"timestamp":1607852075,"path_taken":["M","M","?","?","$","R","M","R","T","E","$","R","E","M","R","BOSS","M","M","M","?","$","R","E","R","T","E","?","?","E","?","R","BOSS","M","?","$","M","M","E"],"build_version":"2020-11-30","purchased_purges":2,"victory":false,"max_hp_per_floor":[82,82,82,82,82,82,82,82,82,82,82,82,82,82,82,82,82,82,82,82,82,82,82,82,82,82,82,82,82,82,82,82,82,82,82,82,82,82,82,82],"card_choices":[{"not_picked":["Armaments","Dark Embrace"],"picked":"Shrug It Off","floor":1},{"not_picked":["Shrug It Off","Feel No Pain"],"picked":"Twin Strike","floor":2},{"not_picked":["Headbutt","Searing Blow"],"picked":"Iron Wave","floor":7},{"not_picked":["Body Slam","Pommel Strike"],"picked":"Hemokinesis","floor":10},{"not_picked":["Dark Embrace","Perfected Strike"],"picked":"Flame Barrier","floor":13},{"not_picked":["Searing Blow","Seeing Red"],"picked":"Blood for Blood","floor":14},{"not_picked":["Impervious","Bludgeon"],"picked":"Immolate","floor":16},{"not_picked":["Wild Strike","Fire Breathing+1","Pommel Strike"],"picked":"SKIP","floor":18},{"not_picked":["Twin Strike","Blood for Blood","Thunderclap+1"],"picked":"SKIP","floor":19},{"not_picked":["Flex","Headbutt","Armaments"],"picked":"SKIP","floor":20},{"not_picked":["Dark Embrace","Second Wind","Exhume"],"picked":"SKIP","floor":24},{"not_picked":["Clothesline","Warcry+1","Anger"],"picked":"SKIP","floor":27},{"not_picked":["Headbutt","Sentinel","Dark Embrace"],"picked":"SKIP","floor":28},{"not_picked":["Armaments","Whirlwind"],"picked":"Battle Trance","floor":30},{"not_picked":["Berserk","Bludgeon"],"picked":"Reaper","floor":33},{"not_picked":["Blood for Blood","Armaments"],"picked":"Shrug It Off","floor":35},{"not_picked":["Sentinel","Dual Wield","Iron Wave+1"],"picked":"SKIP","floor":38},{"not_picked":["Anger","Armaments"],"picked":"Warcry+1","floor":39}],"player_experience":1281638,"relics_obtained":[{"floor":9,"key":"CaptainsWheel"},{"floor":10,"key":"Nunchaku"},{"floor":13,"key":"Ancient Tea Set"},{"floor":24,"key":"Anchor"},{"floor":26,"key":"Blood Vial"},{"floor":27,"key":"StoneCalendar"},{"floor":30,"key":"Eternal Feather"}],"event_choices":[{"damage_healed":0,"gold_gain":150,"player_choice":"AGREE","damage_taken":0,"max_hp_gain":0,"max_hp_loss":0,"event_name":"Liars Game","floor":3,"gold_loss":0,"cards_obtained":["Doubt"]},{"damage_healed":0,"gold_gain":0,"player_choice":"Success","damage_taken":18,"relics_obtained":["Gambling Chip"],"max_hp_gain":0,"max_hp_loss":0,"event_name":"Scrap Ooze","floor":4,"gold_loss":0},{"damage_healed":0,"gold_gain":0,"player_choice":"Upgraded","damage_taken":0,"max_hp_gain":0,"max_hp_loss":0,"event_name":"Upgrade Shrine","floor":21,"gold_loss":0,"cards_upgraded":["Immolate"]},{"damage_healed":0,"gold_gain":0,"player_choice":"Read","damage_taken":0,"max_hp_gain":0,"max_hp_loss":0,"event_name":"The Library","floor":29,"gold_loss":0,"cards_obtained":["Feel No Pain"]},{"damage_healed":0,"gold_gain":0,"player_choice":"Simplicity","damage_taken":0,"max_hp_gain":0,"max_hp_loss":0,"event_name":"Back to Basics","floor":31,"gold_loss":0,"cards_upgraded":["Strike_R","Strike_R","Defend_R","Defend_R","Defend_R"]},{"damage_healed":0,"gold_gain":0,"cards_transformed":["Strike_R"],"player_choice":"Transformed","damage_taken":0,"max_hp_gain":0,"max_hp_loss":0,"event_name":"Transmorgrifier","floor":36,"gold_loss":0,"cards_obtained":["Exhume"]}],"is_beta":false,"boss_relics":[{"not_picked":["SacredBark","Busted Crown"],"picked":"Astrolabe"},{"not_picked":["Cursed Key","Tiny House"],"picked":"Mark of Pain"}],"items_purged_floors":[5,11],"is_endless":false,"potions_floor_spawned":[2,10,16,19,20,30,33,38],"killed_by":"Giant Head","ascension_level":20}