{"gold_per_floor":[16,33,33,33,51,51,84,7,307,307,326,54,54,68,68,68],"floor_reached":16,"playtime":705,"items_purged":[],"score":200,"play_id":"eaaa8b53-cf06-4db4-86d6-6b970646ba52","local_time":"20201213131139","is_ascension_mode":true,"campfire_choices":[{"data":"Feed","floor":6.0,"key":"SMITH"},{"floor":13.0,"key":"REST"},{"data":"1","floor":15,"key":"LIFT"}],"neow_cost":"NO_GOLD","seed_source_timestamp":1469247078391500,"circlet_count":0,"master_deck":["AscendersBane","Strike_R","Strike_R","Strike_R","Strike_R","Defend_R","Defend_R+1","Defend_R+1","Bash+1","Thunderclap","Ghostly Armor","Wild Strike","Anger","Feed+1","Inflame","Battle Trance","Pummel"],"special_seed":0,"relics":["Burning Blood","Girya","Old Coin","HornCleat"],"potions_floor_usage":[16],"damage_taken":[{"damage":2.0,"enemies":"Jaw Worm","floor":1.0,"turns":3.0},{"damage":7.0,"enemies":"Small Slimes","floor":2.0,"turns":3.0},{"damage":6.0,"enemies":"Cultist","floor":5.0,"turns":3.0},{"damage":33.0,"enemies":"3 Sentries","floor":7.0,"turns":12.0},{"damage":4.0,"enemies":"Red Slaver","floor":11.0,"turns":5.0},{"damage":6,"enemies":"Exordium Thugs","floor":14,"turns":4},{"damage":31,"enemies":"The Guardian","floor":16,"turns":9}],"seed_played":"6271093685340421701","potions_obtained":[{"floor":1.0,"key":"Dexterity Potion"},{"floor":14,"key":"HeartOfIron"}],"is_trial":false,"path_per_floor":["M","M","?","?","M","R","E","$","T","?","M","$","R","M","R","B"],"character_chosen":"IRONCLAD","items_purchased":["Battle Trance","HornCleat"],"campfire_rested":1,"item_purchase_floors":[8,12],"current_hp_per_floor":[72,71,71,48,48,48,25,25,25,14,16,16,39,43,43,12],"gold":68,"neow_bonus":"TRANSFORM_TWO_CARDS","is_prod":false,"is_daily":false,"chose_seed":false,"campfire_upgraded":1,"win_rate":0,"timestamp":1607886699,"path_taken":["M","M","?","?","M","R","E","$","T","?","?","$","R","M","R","BOSS"],"build_version":"2020-11-30","purchased_purges":0,"victory":false,"max_hp_per_floor":[75,75,75,75,75,75,79,79,79,79,79,79,79,83,83,83],"card_choices":[{"not_picked":["Power Through","Body Slam"],"picked":"Wild Strike","floor":1.0},{"not_picked":["Sword Boomerang","Clash"],"picked":"Anger","floor":2.0},{"not_picked":["Feel No Pain","Sentinel"],"picked":"Feed","floor":5.0},{"not_picked":["Iron Wave","Havoc"],"picked":"Inflame","floor":7.0},{"not_picked":["Wild Strike","Reckless Charge","Warcry"],"picked":"SKIP","floor":11.0},{"not_picked":["Iron Wave","Headbutt"],"picked":"Pummel","floor":14}],"player_experience":1285231,"relics_obtained":[{"floor":7.0,"key":"Girya"},{"floor":9.0,"key":"Old Coin"}],"event_choices":[{"damage_healed":0.0,"max_hp_gain":0.0,"max_hp_loss":0.0,"gold_gain":0.0,"event_name":"Living Wall","player_choice":"Grow","floor":3.0,"gold_loss":0.0,"damage_taken":0.0,"cards_upgraded":["Bash"]},{"damage_healed":0.0,"max_hp_gain":0.0,"max_hp_loss":0.0,"gold_gain":0.0,"event_name":"Shining Light","player_choice":"Entered Light","floor":4.0,"gold_loss":0.0,"damage_taken":23.0,"cards_upgraded":["Defend_R","Defend_R"]},{"damage_healed":0.0,"max_hp_gain":0.0,"max_hp_loss":0.0,"gold_gain":0.0,"event_name":"Wheel of Change","player_choice":"Damaged","floor":10.0,"gold_loss":0.0,"damage_taken":11.0}],"is_beta":false,"boss_relics":[],"items_purged_floors":[],"is_endless":false,"potions_floor_spawned":[1,14],"killed_by":"The Guardian","ascension_level":20}