{"gold_per_floor":[118,131,146,126,138,173,173,173,218,218,218,218],"floor_reached":12,"playtime":560,"items_purged":[],"score":160,"play_id":"ddd5267f-1aba-4947-b1f6-384f01693af5","local_time":"20201207210953","is_ascension_mode":true,"campfire_choices":[{"data":"Whirlwind","floor":8,"key":"SMITH"},{"data":"Bash","floor":10,"key":"SMITH"}],"neow_cost":"NONE","seed_source_timestamp":979677193792100,"circlet_count":0,"master_deck":["AscendersBane","Strike_R","Strike_R","Strike_R","Strike_R","Strike_R","Defend_R+1","Defend_R","Defend_R","Defend_R","Bash+1","Whirlwind+1","Pommel Strike+1","Evolve","Wild Strike","Battle Trance","Armaments"],"special_seed":0,"relics":["Burning Blood","Meat on the Bone","Smiling Mask","SsserpentHead"],"potions_floor_usage":[5,6],"damage_taken":[{"damage":2.0,"enemies":"Cultist","floor":1.0,"turns":4.0},{"damage":4.0,"enemies":"Small Slimes","floor":2.0,"turns":4.0},{"damage":9.0,"enemies":"2 Louse","floor":3.0,"turns":2.0},{"damage":13,"enemies":"Exordium Thugs","floor":4,"turns":4},{"damage":0,"enemies":"Gremlin Gang","floor":5,"turns":1},{"damage":25,"enemies":"Lagavulin","floor":6,"turns":7},{"damage":6,"enemies":"Gremlin Nob","floor":12,"turns":3}],"seed_played":"-4690069554248618499","potions_obtained":[{"floor":0.0,"key":"CultistPotion"},{"floor":0.0,"key":"PowerPotion"},{"floor":3.0,"key":"DuplicationPotion"}],"is_trial":false,"path_per_floor":["M","M","M","M","M","E","?","R","T","R","?","E"],"character_chosen":"IRONCLAD","items_purchased":[],"campfire_rested":0,"item_purchase_floors":[],"current_hp_per_floor":[72,74,71,64,70,51,28,28,28,28,28,22],"gold":218,"neow_bonus":"THREE_SMALL_POTIONS","is_prod":false,"is_daily":false,"chose_seed":false,"campfire_upgraded":2,"win_rate":0,"timestamp":1607396993,"path_taken":["M","?","M","M","M","E","?","R","T","R","?","E"],"build_version":"2020-11-30","purchased_purges":0,"victory":false,"max_hp_per_floor":[75,75,75,75,75,75,75,75,75,75,75,75],"card_choices":[{"not_picked":["Heavy Blade","Feel No Pain"],"picked":"Whirlwind","floor":1.0},{"not_picked":["Perfected Strike","Headbutt"],"picked":"Pommel Strike","floor":2.0},{"not_picked":["Heavy Blade","Pommel Strike"],"picked":"Evolve","floor":3.0},{"not_picked":["True Grit","Sword Boomerang"],"picked":"Wild Strike","floor":4},{"not_picked":["Havoc","Twin Strike"],"picked":"Battle Trance","floor":5},{"not_picked":["Dark Embrace","Wild Strike"],"picked":"Armaments","floor":6}],"player_experience":1254280,"relics_obtained":[{"floor":6,"key":"Meat on the Bone"},{"floor":9,"key":"Smiling Mask"}],"event_choices":[{"damage_healed":0,"gold_gain":0,"player_choice":"Entered Light","damage_taken":23,"max_hp_gain":0,"max_hp_loss":0,"event_name":"Shining Light","floor":7,"gold_loss":0,"cards_upgraded":["Defend_R","Pommel Strike"]},{"damage_healed":0,"gold_gain":0,"player_choice":"Trade","damage_taken":0,"relics_obtained":["SsserpentHead"],"max_hp_gain":0,"max_hp_loss":0,"event_name":"FaceTrader","floor":11,"gold_loss":0}],"is_beta":false,"boss_relics":[],"items_purged_floors":[],"is_endless":false,"potions_floor_spawned":[3,4],"killed_by":"Gremlin Nob","ascension_level":20}