{"gold_per_floor":[363,382,17,36,56,56,71,99,111,152,164,176,216,128,128,225,225,235,235,235,255,269,269,302,302,328,328,347,363,139,165,165,264,314,333,35,47,47,97,97,124,143,191,205,215,19,19,50,50,50],"floor_reached":51,"playtime":1958,"items_purged":["Strike_R","Strike_R","Defend_R","Defend_R"],"score":931,"play_id":"439a64ba-4e3e-4879-8d3d-3bb3712a5406","local_time":"20201214203435","is_ascension_mode":true,"campfire_choices":[{"data":"Immolate","floor":6.0,"key":"SMITH"},{"data":"Inflame","floor":11.0,"key":"SMITH"},{"floor":15.0,"key":"REST"},{"data":"Flame Barrier","floor":23.0,"key":"SMITH"},{"data":"Flex","floor":25.0,"key":"SMITH"},{"data":"Bash","floor":27.0,"key":"SMITH"},{"data":"Flex","floor":32.0,"key":"SMITH"},{"floor":40,"key":"REST"},{"floor":49,"key":"REST"}],"neow_cost":"TEN_PERCENT_HP_LOSS","seed_source_timestamp":1580964505616700,"circlet_count":0,"master_deck":["Strike_R+1","Strike_R+1","Strike_R","Defend_R","Defend_R","Bash+1","Heavy Blade+1","Immolate+1","Spot Weakness+1","Spot Weakness+1","Inflame+1","Flame Barrier+1","Infernal Blade+1","Necronomicurse","Heavy Blade+1","Inflame+1","Flex+1","Flex+1","Inflame","Limit Break","Shrug It Off","Flex+1","Flash of Steel","Flash of Steel","Finesse","Shrug It Off+1"],"special_seed":0,"relics":["Burning Blood","ClockworkSouvenir","MawBank","Gremlin Horn","War Paint","White Beast Statue","Philosopher\u0027s Stone","Necronomicon","MutagenicStrength","Art of War","Omamori","Bronze Scales","Tiny House","Toolbox","Bird Faced Urn","Vajra","Blood Vial","Nunchaku","Thread and Needle"],"potions_floor_usage":[50,50,50],"damage_taken":[{"damage":1.0,"enemies":"Cultist","floor":1.0,"turns":3.0},{"damage":1.0,"enemies":"Jaw Worm","floor":2.0,"turns":3.0},{"damage":0.0,"enemies":"Small Slimes","floor":4.0,"turns":2.0},{"damage":6.0,"enemies":"Exordium Wildlife","floor":5.0,"turns":3.0},{"damage":9.0,"enemies":"Exordium Thugs","floor":7.0,"turns":3.0},{"damage":23.0,"enemies":"Lagavulin","floor":8.0,"turns":7.0},{"damage":4.0,"enemies":"3 Sentries","floor":10.0,"turns":2.0},{"damage":18.0,"enemies":"Lagavulin","floor":13.0,"turns":3.0},{"damage":0.0,"enemies":"Slime Boss","floor":16.0,"turns":6.0},{"damage":6.0,"enemies":"Spheric Guardian","floor":18.0,"turns":3.0},{"damage":6.0,"enemies":"Shell Parasite","floor":21.0,"turns":2.0},{"damage":2.0,"enemies":"Shelled Parasite and Fungi","floor":22.0,"turns":2.0},{"damage":0.0,"enemies":"Gremlin Leader","floor":24.0,"turns":2.0},{"damage":0.0,"enemies":"Cultist and Chosen","floor":28.0,"turns":1.0},{"damage":0.0,"enemies":"Snecko","floor":29.0,"turns":1.0},{"damage":14.0,"enemies":"Book of Stabbing","floor":31.0,"turns":3.0},{"damage":26.0,"enemies":"Champ","floor":33.0,"turns":4.0},{"damage":11.0,"enemies":"Orb Walker","floor":35.0,"turns":2.0},{"damage":0.0,"enemies":"3 Darklings","floor":37.0,"turns":2.0},{"damage":40.0,"enemies":"Mind Bloom Boss Battle","floor":39.0,"turns":3.0},{"damage":26,"enemies":"Giant Head","floor":41,"turns":6},{"damage":0,"enemies":"Transient","floor":42,"turns":5},{"damage":4,"enemies":"Writhing Mass","floor":44,"turns":3},{"damage":26,"enemies":"Maw","floor":45,"turns":3},{"damage":46,"enemies":"Nemesis","floor":48,"turns":3},{"damage":26,"enemies":"Awakened One","floor":50,"turns":3}],"seed_played":"9131999116461543333","potions_obtained":[{"floor":2.0,"key":"Weak Potion"},{"floor":7.0,"key":"SkillPotion"},{"floor":10.0,"key":"Ancient Potion"},{"floor":16.0,"key":"BloodPotion"},{"floor":18.0,"key":"SteroidPotion"},{"floor":22.0,"key":"HeartOfIron"},{"floor":31.0,"key":"DuplicationPotion"},{"floor":33.0,"key":"CultistPotion"},{"floor":35.0,"key":"DuplicationPotion"},{"floor":45,"key":"LiquidMemories"}],"is_trial":false,"path_per_floor":["M","M","$","M","M","R","M","E","T","E","R","?","E","$","R","B",null,"M","?","?","M","M","R","E","R","T","R","M","M","$","E","R","B",null,"M","$","M","?","?","R","E","M","T","M","M","$","?","E","R","B",null],"character_chosen":"IRONCLAD","items_purchased":["Immolate","ClockworkSouvenir","Flex","Inflame","Toolbox","Swift Potion","Nunchaku"],"campfire_rested":3,"item_purchase_floors":[3,3,30,30,36,46,46],"current_hp_per_floor":[72,72,72,72,72,72,69,52,52,54,54,40,28,28,49,55,72,72,56,56,56,60,60,66,66,66,66,72,72,72,72,72,52,77,72,72,77,67,33,56,42,54,54,60,46,46,46,12,35,23],"gold":50,"neow_bonus":"TWO_FIFTY_GOLD","is_prod":false,"is_daily":false,"chose_seed":false,"campfire_upgraded":6,"win_rate":0,"timestamp":1607999675,"path_taken":["M","?","$","M","M","R","M","E","T","E","R","?","E","$","R","BOSS","M","?","?","M","M","R","E","R","T","R","M","?","$","E","R","BOSS","M","$","M","?","?","R","E","M","T","M","M","$","?","E","R","BOSS"],"build_version":"2020-12-13","purchased_purges":4,"victory":true,"max_hp_per_floor":[72,72,72,72,72,72,72,72,72,72,72,72,72,72,72,72,72,72,72,72,72,72,72,72,72,72,72,72,72,72,72,72,72,77,77,77,77,77,77,77,77,77,77,77,77,77,77,77,77,77],"card_choices":[{"not_picked":["Warcry","Rampage"],"picked":"Heavy Blade","floor":1.0},{"not_picked":["Disarm","Headbutt","Rampage"],"picked":"SKIP","floor":2.0},{"not_picked":["Heavy Blade","Rupture"],"picked":"Spot Weakness","floor":4.0},{"not_picked":["Clothesline","Armaments","Thunderclap"],"picked":"SKIP","floor":5.0},{"not_picked":["Havoc","Bludgeon"],"picked":"Spot Weakness","floor":7.0},{"not_picked":["Armaments","Perfected Strike","Hemokinesis"],"picked":"SKIP","floor":8.0},{"not_picked":["Metallicize","Warcry"],"picked":"Inflame","floor":10.0},{"not_picked":["Twin Strike","Fire Breathing"],"picked":"Flame Barrier","floor":13.0},{"not_picked":["Immolate","Berserk"],"picked":"Impervious","floor":16.0},{"not_picked":["Clothesline","Wild Strike"],"picked":"Infernal Blade+1","floor":18.0},{"not_picked":["Iron Wave+1","Clash"],"picked":"Heavy Blade+1","floor":21.0},{"not_picked":["Carnage+1","Whirlwind"],"picked":"Inflame+1","floor":22.0},{"not_picked":["Fiend Fire","Heavy Blade+1"],"picked":"Flex","floor":24.0},{"not_picked":["Pommel Strike","Armaments+1","Shrug It Off"],"picked":"SKIP","floor":28.0},{"not_picked":["Clothesline","Reckless Charge","Body Slam"],"picked":"SKIP","floor":29.0},{"not_picked":["Shockwave","Juggernaut","Rage"],"picked":"SKIP","floor":31.0},{"not_picked":["Demon Form","Brutality"],"picked":"Limit Break","floor":33.0},{"not_picked":["Second Wind","Flex"],"picked":"Shrug It Off","floor":34.0},{"not_picked":["Flex","Inflame","Perfected Strike"],"picked":"SKIP","floor":35.0},{"not_picked":["True Grit","Twin Strike"],"picked":"Flex+1","floor":37.0},{"not_picked":["Panacea","Bandage Up"],"picked":"Flash of Steel","floor":38.0},{"not_picked":["Magnetism","Good Instincts"],"picked":"Flash of Steel","floor":38.0},{"not_picked":["Mind Blast","Deep Breath"],"picked":"Finesse","floor":38.0},{"not_picked":["Whirlwind","Anger+1","Armaments"],"picked":"SKIP","floor":41},{"not_picked":["Armaments","Intimidate+1","Heavy Blade"],"picked":"SKIP","floor":42},{"not_picked":["Combust","Clash","Feel No Pain"],"picked":"SKIP","floor":44},{"not_picked":["Rage+1","Combust+1","Heavy Blade+1"],"picked":"SKIP","floor":45},{"not_picked":["Corruption","Intimidate+1"],"picked":"Shrug It Off+1","floor":48}],"player_experience":1295143,"relics_obtained":[{"floor":8.0,"key":"MawBank"},{"floor":9.0,"key":"Gremlin Horn"},{"floor":10.0,"key":"War Paint"},{"floor":13.0,"key":"White Beast Statue"},{"floor":19.0,"key":"Necronomicon"},{"floor":24.0,"key":"Art of War"},{"floor":26.0,"key":"Omamori"},{"floor":31.0,"key":"Bronze Scales"},{"floor":39,"key":"Bird Faced Urn"},{"floor":41,"key":"Vajra"},{"floor":43,"key":"Blood Vial"},{"floor":48,"key":"Thread and Needle"}],"event_choices":[{"damage_healed":0.0,"max_hp_gain":0.0,"max_hp_loss":0.0,"gold_gain":0.0,"event_name":"Shining Light","player_choice":"Entered Light","floor":12.0,"gold_loss":0.0,"damage_taken":14.0,"cards_upgraded":["Heavy Blade","Strike_R"]},{"damage_healed":0.0,"max_hp_gain":0.0,"max_hp_loss":0.0,"gold_gain":0.0,"event_name":"Cursed Tome","player_choice":"Obtained Book","floor":19.0,"gold_loss":0.0,"damage_taken":16.0},{"damage_healed":0.0,"max_hp_gain":0.0,"max_hp_loss":0.0,"gold_gain":0.0,"event_name":"Drug Dealer","player_choice":"Inject Mutagens","floor":20.0,"gold_loss":0.0,"damage_taken":0.0,"relics_obtained":["MutagenicStrength"]},{"damage_healed":0.0,"max_hp_gain":0.0,"max_hp_loss":0.0,"gold_gain":0.0,"event_name":"SensoryStone","player_choice":"Memory 3","floor":38.0,"gold_loss":0.0,"damage_taken":10.0},{"damage_healed":0.0,"max_hp_gain":0.0,"max_hp_loss":0.0,"gold_gain":0.0,"event_name":"MindBloom","player_choice":"Fight","floor":39.0,"gold_loss":0.0,"damage_taken":0.0},{"cards_removed":["Impervious"],"damage_healed":0,"gold_gain":0,"player_choice":"Removed Skill","damage_taken":0,"max_hp_gain":0,"max_hp_loss":0,"event_name":"Falling","floor":47,"gold_loss":0}],"is_beta":false,"boss_relics":[{"not_picked":["SacredBark","Cursed Key"],"picked":"Philosopher\u0027s Stone"},{"not_picked":["Black Star","Fusion Hammer"],"picked":"Tiny House"}],"items_purged_floors":[3,14,30,36],"is_endless":false,"potions_floor_spawned":[2,7,10,16,18,21,22,24,28,29,31,33,35,37,39,41,42,44,45,48],"ascension_level":1}