{"gold_per_floor":[114,127,147,72,52,52,80,80,103,103,103,137,137,152,152,256,256,276,86,86,86,104,104,138,138,138,153,51,51,66,80,80,185,185,201,211,11,27,46,79,79,79,126,126,126,171,200,5,5,5],"floor_reached":51,"playtime":2076,"items_purged":["Defend_R"],"score":970,"play_id":"a24724a4-93f0-44c3-92c9-1f047e5e304a","local_time":"20201217193714","is_ascension_mode":true,"campfire_choices":[{"data":"Perfected Strike","floor":6.0,"key":"SMITH"},{"data":"Bash","floor":13.0,"key":"SMITH"},{"data":"Cleave","floor":15.0,"key":"SMITH"},{"data":"Perfected Strike","floor":23.0,"key":"SMITH"},{"data":"Pommel Strike","floor":29.0,"key":"SMITH"},{"data":"Anger","floor":32.0,"key":"SMITH"},{"data":"Pommel Strike","floor":41,"key":"SMITH"},{"data":"Cleave","floor":44,"key":"SMITH"},{"data":"Perfected Strike","floor":49,"key":"SMITH"}],"neow_cost":"NONE","seed_source_timestamp":1836555796314200,"circlet_count":0,"master_deck":["Strike_R","Strike_R","Strike_R","Strike_R","Strike_R","Defend_R","Defend_R+1","Defend_R+1","Bash+1","Perfected Strike+1","Anger+1","Cleave+1","Wild Strike","Perfected Strike+1","Ghostly","Ghostly","Ghostly","Ghostly","Ghostly","Wild Strike","Clash+1","Iron Wave+1","Pommel Strike+1","Shrug It Off","Pommel Strike+1","Cleave+1","Shrug It Off+1","Perfected Strike+1","Armaments+1","Perfected Strike+1"],"special_seed":0,"relics":["Burning Blood","War Paint","Blood Vial","Pen Nib","SlaversCollar","Nunchaku","Bronze Scales","Pantograph","Velvet Choker","Toolbox","Omamori","Potion Belt","Gambling Chip","Art of War","Lee\u0027s Waffle"],"potions_floor_usage":[50,50],"damage_taken":[{"damage":0.0,"enemies":"2 Louse","floor":1.0,"turns":3.0},{"damage":6.0,"enemies":"Cultist","floor":2.0,"turns":3.0},{"damage":0.0,"enemies":"Small Slimes","floor":3.0,"turns":3.0},{"damage":3.0,"enemies":"Gremlin Nob","floor":7.0,"turns":3.0},{"damage":23.0,"enemies":"Lagavulin","floor":12.0,"turns":5.0},{"damage":8.0,"enemies":"Exordium Thugs","floor":14.0,"turns":3.0},{"damage":49.0,"enemies":"Slime Boss","floor":16.0,"turns":9.0},{"damage":24.0,"enemies":"Spheric Guardian","floor":18.0,"turns":4.0},{"damage":12.0,"enemies":"2 Thieves","floor":22.0,"turns":3.0},{"damage":4.0,"enemies":"Gremlin Leader","floor":24.0,"turns":5.0},{"damage":4.0,"enemies":"3 Cultists","floor":27.0,"turns":5.0},{"damage":12.0,"enemies":"Cultist and Chosen","floor":30.0,"turns":4.0},{"damage":0.0,"enemies":"Snecko","floor":31.0,"turns":3.0},{"damage":7.0,"enemies":"Collector","floor":33.0,"turns":6.0},{"damage":2.0,"enemies":"3 Darklings","floor":35.0,"turns":4.0},{"damage":1.0,"enemies":"Orb Walker","floor":36.0,"turns":3.0},{"damage":3.0,"enemies":"Sphere and 2 Shapes","floor":38.0,"turns":3.0},{"damage":6,"enemies":"Writhing Mass","floor":39,"turns":4},{"damage":0,"enemies":"Reptomancer","floor":40,"turns":3},{"damage":12,"enemies":"2 Orb Walkers","floor":46,"turns":4},{"damage":0,"enemies":"Nemesis","floor":47,"turns":5},{"damage":0,"enemies":"Donu and Deca","floor":50,"turns":9}],"seed_played":"-3540293582285976055","potions_obtained":[{"floor":1.0,"key":"PowerPotion"},{"floor":2.0,"key":"SpeedPotion"},{"floor":5.0,"key":"SpeedPotion"},{"floor":7.0,"key":"Ancient Potion"},{"floor":14.0,"key":"Dexterity Potion"},{"floor":30.0,"key":"DistilledChaos"},{"floor":36.0,"key":"Explosive Potion"},{"floor":47,"key":"BlessingOfTheForge"}],"is_trial":false,"path_per_floor":["M","M","M","$","?","R","E","$","T","?","$","E","R","M","R","B",null,"M","$","?","?","M","R","E","?","T","M","$","R","M","M","R","B",null,"M","M","$","M","M","E","R","?","T","R","?","?","E","$","R","B",null],"character_chosen":"IRONCLAD","items_purchased":["Wild Strike","Nunchaku","Pommel Strike","Shrug It Off","PowerPotion","Toolbox","Perfected Strike","Lee\u0027s Waffle"],"campfire_rested":0,"item_purchase_floors":[19,19,28,28,37,37,48,48],"current_hp_per_floor":[88,88,88,88,88,88,88,88,88,88,88,71,71,71,71,30,88,70,70,70,44,38,38,42,42,42,44,44,44,38,44,44,43,44,44,44,44,44,44,44,44,44,44,44,42,36,42,49,49,49],"gold":5,"neow_bonus":"TEN_PERCENT_HP_BONUS","is_prod":false,"is_daily":false,"chose_seed":false,"campfire_upgraded":9,"win_rate":0,"timestamp":1608255434,"path_taken":["M","M","M","$","?","R","E","?","T","?","$","E","R","M","R","BOSS","M","$","?","?","M","R","E","?","T","M","$","R","M","M","R","BOSS","M","M","$","M","?","E","R","?","T","R","?","?","E","$","R","BOSS"],"build_version":"2020-12-13","purchased_purges":1,"victory":true,"max_hp_per_floor":[88,88,88,88,88,88,88,88,88,88,88,88,88,88,88,88,88,88,88,88,44,44,44,44,44,44,44,44,44,44,44,44,44,44,44,44,44,44,44,44,44,44,44,44,42,42,42,49,49,49],"card_choices":[{"not_picked":["Fire Breathing","Feel No Pain"],"picked":"Perfected Strike","floor":1.0},{"not_picked":["Sword Boomerang","Headbutt"],"picked":"Anger","floor":2.0},{"not_picked":["Disarm","Hemokinesis","True Grit"],"picked":"SKIP","floor":3.0},{"not_picked":["Whirlwind","Armaments"],"picked":"Cleave","floor":7.0},{"not_picked":["Seeing Red","Anger","Carnage"],"picked":"SKIP","floor":12.0},{"not_picked":["Flex","Body Slam","Dark Embrace"],"picked":"SKIP","floor":14.0},{"not_picked":["Sentinel+1","Carnage","Intimidate"],"picked":"SKIP","floor":18.0},{"not_picked":["Shockwave","Sword Boomerang"],"picked":"Wild Strike","floor":22.0},{"not_picked":["Headbutt","True Grit"],"picked":"Clash+1","floor":24.0},{"not_picked":["Flex+1","Thunderclap"],"picked":"Iron Wave+1","floor":27.0},{"not_picked":["Carnage","Clothesline","Anger+1"],"picked":"SKIP","floor":30.0},{"not_picked":["Shockwave","Warcry","Whirlwind"],"picked":"SKIP","floor":31.0},{"not_picked":["Thunderclap+1","Havoc+1"],"picked":"Pommel Strike","floor":35.0},{"not_picked":["Body Slam","Shockwave"],"picked":"Cleave","floor":36.0},{"not_picked":["Blood for Blood","Headbutt","Warcry"],"picked":"SKIP","floor":38.0},{"not_picked":["Heavy Blade","Thunderclap+1"],"picked":"Shrug It Off+1","floor":39},{"not_picked":["Brutality","Battle Trance"],"picked":"Perfected Strike+1","floor":40},{"not_picked":["Clothesline","Battle Trance"],"picked":"Armaments+1","floor":46},{"not_picked":["Sever Soul+1","Uppercut","Clothesline"],"picked":"SKIP","floor":47}],"player_experience":1342229,"relics_obtained":[{"floor":7.0,"key":"War Paint"},{"floor":9.0,"key":"Blood Vial"},{"floor":12.0,"key":"Pen Nib"},{"floor":24.0,"key":"Bronze Scales"},{"floor":26.0,"key":"Pantograph"},{"floor":40,"key":"Omamori"},{"floor":43,"key":"Potion Belt"},{"floor":46,"key":"Gambling Chip"},{"floor":47,"key":"Art of War"}],"event_choices":[{"damage_healed":0.0,"max_hp_gain":0.0,"max_hp_loss":0.0,"gold_gain":0.0,"event_name":"The Woman in Blue","player_choice":"Bought 1 Potion","floor":5.0,"gold_loss":0.0,"damage_taken":0.0},{"damage_healed":0.0,"max_hp_gain":0.0,"max_hp_loss":0.0,"gold_gain":0.0,"event_name":"Match and Keep!","player_choice":"0 cards matched","floor":10.0,"gold_loss":0.0,"damage_taken":0.0,"cards_obtained":[]},{"damage_healed":0.0,"max_hp_gain":0.0,"max_hp_loss":0.0,"gold_gain":0.0,"event_name":"The Library","player_choice":"Read","floor":20.0,"gold_loss":0.0,"damage_taken":0.0,"cards_obtained":["Perfected Strike"]},{"damage_healed":0.0,"max_hp_gain":0.0,"max_hp_loss":44.0,"gold_gain":0.0,"event_name":"Ghosts","player_choice":"Became a Ghost","floor":21.0,"gold_loss":0.0,"damage_taken":0.0,"cards_obtained":["Ghostly","Ghostly","Ghostly","Ghostly","Ghostly"]},{"damage_healed":0.0,"max_hp_gain":0.0,"max_hp_loss":0.0,"gold_gain":0.0,"event_name":"Match and Keep!","player_choice":"0 cards matched","floor":25.0,"gold_loss":0.0,"damage_taken":0.0,"cards_obtained":[]},{"damage_healed":0,"gold_gain":0,"player_choice":"Memory 1","damage_taken":0,"max_hp_gain":0,"max_hp_loss":0,"event_name":"SensoryStone","floor":42,"gold_loss":0},{"damage_healed":0,"gold_gain":0,"player_choice":"Max HP","damage_taken":0,"max_hp_gain":0,"max_hp_loss":2,"event_name":"Winding Halls","floor":45,"gold_loss":0},{"damage_healed":0,"gold_gain":0,"player_choice":"Fight","damage_taken":0,"max_hp_gain":0,"max_hp_loss":0,"event_name":"Mysterious Sphere","floor":46,"gold_loss":0}],"is_beta":false,"boss_relics":[{"not_picked":["Black Star","Runic Cube"],"picked":"SlaversCollar"},{"not_picked":["Mark of Pain","Tiny House"],"picked":"Velvet Choker"}],"items_purged_floors":[4],"is_endless":false,"potions_floor_spawned":[1,2,7,14,22,30,36,38,47],"ascension_level":1}