{"gold_per_floor":[113,123,73,90,90,90,122,122,122,134,134,80,80,93,93,190,190,203,203,217,24,24,55,55,0,0,0,0,14,31,41,41,41],"floor_reached":33,"playtime":649,"items_purged":["Writhe"],"score":265,"play_id":"48007107-a095-4dc1-a644-525e48e8f9de","local_time":"20201214220642","is_ascension_mode":false,"campfire_choices":[{"data":"Perfected Strike","floor":6.0,"key":"SMITH"},{"data":"Uppercut","floor":8.0,"key":"SMITH"},{"floor":15.0,"key":"DIG"},{"data":"Flex","floor":24.0,"key":"SMITH"},{"floor":32,"key":"REST"}],"neow_cost":"NONE","seed_source_timestamp":1587818479525200,"circlet_count":0,"master_deck":["Strike_R","Strike_R","Strike_R","Strike_R","Strike_R","Defend_R","Defend_R","Defend_R","Bash","Anger","Wild Strike","Perfected Strike+1","Battle Trance","Uppercut+1","Pommel Strike","Cleave","Limit Break","Flex","Flex+1","Inflame","Flex+1","Perfected Strike","Whirlwind","Sword Boomerang"],"special_seed":0,"relics":["Burning Blood","NeowsBlessing","Charon\u0027s Ashes","Shovel","Boot","Cursed Key","Akabeko","Unceasing Top"],"potions_floor_usage":[30],"damage_taken":[{"damage":0.0,"enemies":"Cultist","floor":1.0,"turns":1.0},{"damage":0.0,"enemies":"2 Louse","floor":2.0,"turns":1.0},{"damage":0.0,"enemies":"Jaw Worm","floor":4.0,"turns":1.0},{"damage":18.0,"enemies":"Lagavulin","floor":7.0,"turns":3.0},{"damage":0.0,"enemies":"Large Slime","floor":10.0,"turns":2.0},{"damage":13.0,"enemies":"Exordium Wildlife","floor":14.0,"turns":3.0},{"damage":40.0,"enemies":"Hexaghost","floor":16.0,"turns":5.0},{"damage":0.0,"enemies":"Spheric Guardian","floor":18.0,"turns":3.0},{"damage":10.0,"enemies":"Chosen","floor":20.0,"turns":3.0},{"damage":20.0,"enemies":"Slavers","floor":23.0,"turns":3.0},{"damage":37,"enemies":"Snake Plant","floor":29,"turns":3},{"damage":30,"enemies":"Snecko","floor":30,"turns":4},{"damage":6,"enemies":"Cultist and Chosen","floor":31,"turns":3},{"damage":22,"enemies":"Automaton","floor":33,"turns":3}],"seed_played":"-2801168053923579465","potions_obtained":[{"floor":2.0,"key":"EntropicBrew"},{"floor":4.0,"key":"Regen Potion"},{"floor":10.0,"key":"BlessingOfTheForge"},{"floor":16.0,"key":"ElixirPotion"},{"floor":18.0,"key":"AttackPotion"},{"floor":30,"key":"Weak Potion"},{"floor":31,"key":"BloodPotion"}],"is_trial":false,"path_per_floor":["M","M","$","M","?","R","E","R","T","M","$","$","?","M","R","B",null,"M","?","M","$","?","E","R","?","T","$","?","M","M","M","R","B"],"character_chosen":"IRONCLAD","items_purchased":["Perfected Strike","Cleave","Flex","Inflame"],"campfire_rested":1,"item_purchase_floors":[3,12,21,21],"current_hp_per_floor":[80,80,80,80,73,73,68,68,68,74,74,74,74,67,67,33,80,80,80,76,76,76,62,62,62,62,62,62,31,7,7,31,9],"gold":41,"neow_bonus":"THREE_ENEMY_KILL","is_prod":false,"is_daily":false,"chose_seed":false,"campfire_upgraded":3,"win_rate":0,"timestamp":1608005202,"path_taken":["M","?","$","M","?","R","E","R","T","M","?","$","?","?","R","BOSS","M","?","M","$","?","E","R","?","T","$","?","?","M","M","R","BOSS"],"build_version":"2020-12-13","purchased_purges":1,"victory":false,"max_hp_per_floor":[80,80,80,80,80,80,80,80,80,80,80,80,80,80,80,80,80,80,80,80,80,80,80,80,80,80,80,80,80,80,80,80,80],"card_choices":[{"not_picked":["Warcry","Body Slam"],"picked":"Anger","floor":1.0},{"not_picked":["Pommel Strike","Reaper"],"picked":"Wild Strike","floor":2.0},{"not_picked":["Anger","Feel No Pain"],"picked":"Battle Trance","floor":4.0},{"not_picked":["Seeing Red","Shockwave"],"picked":"Uppercut","floor":7.0},{"not_picked":["Dark Embrace","Pummel"],"picked":"Pommel Strike","floor":10.0},{"not_picked":["Havoc","Clash","Uppercut"],"picked":"SKIP","floor":14.0},{"not_picked":["Brutality","Immolate"],"picked":"Limit Break","floor":16.0},{"not_picked":["Reckless Charge+1","Entrench","Clash+1"],"picked":"SKIP","floor":18.0},{"not_picked":["Iron Wave","Havoc+1"],"picked":"Flex","floor":20.0},{"not_picked":["Heavy Blade","Entrench+1"],"picked":"Flex+1","floor":23.0},{"not_picked":["Clash","Warcry+1"],"picked":"Whirlwind","floor":29},{"not_picked":["Dropkick","Power Through","Cleave"],"picked":"SKIP","floor":30},{"not_picked":["Exhume","Ghostly Armor"],"picked":"Sword Boomerang","floor":31}],"player_experience":1300924,"relics_obtained":[{"floor":7.0,"key":"Charon\u0027s Ashes"},{"floor":9.0,"key":"Shovel"},{"floor":15.0,"key":"Boot"},{"floor":23.0,"key":"Unceasing Top"}],"event_choices":[{"cards_removed":["Defend_R"],"damage_healed":0.0,"max_hp_gain":0.0,"max_hp_loss":0.0,"gold_gain":0.0,"event_name":"Golden Wing","player_choice":"Card Removal","floor":5.0,"gold_loss":0.0,"damage_taken":7.0},{"damage_healed":0.0,"max_hp_gain":0.0,"max_hp_loss":0.0,"gold_gain":0.0,"event_name":"Liars Game","player_choice":"Ignored","floor":13.0,"gold_loss":0.0,"damage_taken":0.0},{"damage_healed":0.0,"max_hp_gain":0.0,"max_hp_loss":0.0,"gold_gain":0.0,"event_name":"The Mausoleum","player_choice":"Opened","floor":19.0,"gold_loss":0.0,"damage_taken":0.0,"relics_obtained":["Akabeko"],"cards_obtained":["Writhe"]},{"damage_healed":0.0,"max_hp_gain":0.0,"max_hp_loss":0.0,"gold_gain":0.0,"event_name":"Vampires","player_choice":"Ignored","floor":22.0,"gold_loss":0.0,"damage_taken":0.0},{"damage_healed":0.0,"max_hp_gain":0.0,"max_hp_loss":0.0,"gold_gain":0.0,"event_name":"Masked Bandits","player_choice":"Paid Fearfully","floor":25.0,"gold_loss":55.0,"damage_taken":0.0},{"damage_healed":0,"gold_gain":0,"player_choice":"Read","damage_taken":0,"max_hp_gain":0,"max_hp_loss":0,"event_name":"The Library","floor":28,"gold_loss":0,"cards_obtained":["Perfected Strike"]}],"is_beta":false,"boss_relics":[{"not_picked":["Calling Bell","Runic Cube"],"picked":"Cursed Key"}],"items_purged_floors":[21],"is_endless":false,"potions_floor_spawned":[2,4,10,16,18,30,31],"killed_by":"Automaton","ascension_level":0}