{"gold_per_floor":[114,134,134,148,148,148,178,178,201,201,212,237,74,92,92,169,169,181,181,31,34,54,89,89,117,117,134,184,184,202,202,202,279,279,292,292,307,323,273,304,321,352,377,377,391,410,153,203,203,203,203,203,203,36,67,67],"floor_reached":56,"playtime":3659,"items_purged":["Strike_R+1","Strike_R+1"],"score":1864,"play_id":"147c5bd0-ae7f-44a5-b776-6cac86498b7f","local_time":"20210429214721","is_ascension_mode":true,"campfire_choices":[{"data":"Inflame","floor":6.0,"key":"SMITH"},{"data":"Metallicize","floor":8.0,"key":"SMITH"},{"data":"Disarm","floor":10.0,"key":"SMITH"},{"data":"Metallicize","floor":15.0,"key":"SMITH"},{"data":"Whirlwind","floor":24.0,"key":"SMITH"},{"data":"Offering","floor":29.0,"key":"SMITH"},{"data":"Metallicize","floor":32.0,"key":"SMITH"},{"data":"Barricade","floor":44.0,"key":"SMITH"},{"floor":49.0,"key":"RECALL"},{"data":"Whirlwind","floor":53.0,"key":"SMITH"}],"neow_cost":"TEN_PERCENT_HP_LOSS","seed_source_timestamp":2000898268202600,"circlet_count":0,"master_deck":["AscendersBane","Strike_R+1","Strike_R+1","Strike_R+1","Defend_R+1","Defend_R+1","Defend_R+1","Defend_R+1","Bash","Disarm+1","Shrug It Off","Inflame+1","Metallicize+1","Inflame","Sword Boomerang+1","Metallicize+1","Reaper+1","Shrug It Off","Metallicize+1","Whirlwind+1","Offering+1","Double Tap","Bloodletting","Barricade+1","Whirlwind+1"],"special_seed":0,"relics":["Burning Blood","Ice Cream","Nunchaku","War Paint","Art of War","ClockworkSouvenir","Velvet Choker","Oddly Smooth Stone","Turnip","Red Skull","Runic Pyramid","Bottled Lightning","Prayer Wheel","Chemical X","StoneCalendar"],"potions_floor_usage":[56,56],"damage_taken":[{"damage":6.0,"enemies":"Jaw Worm","floor":1.0,"turns":5.0},{"damage":11.0,"enemies":"2 Louse","floor":2.0,"turns":3.0},{"damage":1.0,"enemies":"Small Slimes","floor":4.0,"turns":5.0},{"damage":13.0,"enemies":"Lagavulin","floor":7.0,"turns":6.0},{"damage":9.0,"enemies":"Red Slaver","floor":11.0,"turns":6.0},{"damage":26.0,"enemies":"3 Sentries","floor":12.0,"turns":11.0},{"damage":0.0,"enemies":"2 Fungi Beasts","floor":14.0,"turns":4.0},{"damage":24.0,"enemies":"Slime Boss","floor":16.0,"turns":13.0},{"damage":2.0,"enemies":"Chosen","floor":18.0,"turns":5.0},{"damage":32.0,"enemies":"2 Thieves","floor":21.0,"turns":5.0},{"damage":10.0,"enemies":"Snecko","floor":22.0,"turns":6.0},{"damage":12.0,"enemies":"Book of Stabbing","floor":23.0,"turns":7.0},{"damage":25.0,"enemies":"Slavers","floor":25.0,"turns":4.0},{"damage":3.0,"enemies":"Snake Plant","floor":27.0,"turns":5.0},{"damage":8.0,"enemies":"Centurion and Healer","floor":30.0,"turns":4.0},{"damage":34.0,"enemies":"Automaton","floor":33.0,"turns":7.0},{"damage":58.0,"enemies":"3 Shapes","floor":35.0,"turns":6.0},{"damage":4.0,"enemies":"Orb Walker","floor":37.0,"turns":4.0},{"damage":0.0,"enemies":"3 Darklings","floor":38.0,"turns":2.0},{"damage":45.0,"enemies":"Giant Head","floor":40.0,"turns":7.0},{"damage":9.0,"enemies":"Maw","floor":41.0,"turns":6.0},{"damage":21.0,"enemies":"Reptomancer","floor":42.0,"turns":9.0},{"damage":47.0,"enemies":"Jaw Worm Horde","floor":45.0,"turns":4.0},{"damage":6.0,"enemies":"3 Darklings","floor":46.0,"turns":2.0},{"damage":25.0,"enemies":"Time Eater","floor":50.0,"turns":9.0},{"damage":55.0,"enemies":"Awakened One","floor":51.0,"turns":11.0},{"damage":68.0,"enemies":"Shield and Spear","floor":55.0,"turns":4.0},{"damage":68,"enemies":"The Heart","floor":56,"turns":9}],"seed_played":"8848476260543803548","potions_obtained":[{"floor":1.0,"key":"LiquidMemories"},{"floor":4.0,"key":"PowerPotion"},{"floor":7.0,"key":"EntropicBrew"},{"floor":23.0,"key":"Strength Potion"},{"floor":33.0,"key":"Regen Potion"},{"floor":38.0,"key":"Strength Potion"},{"floor":40.0,"key":"Ancient Potion"},{"floor":41.0,"key":"Strength Potion"},{"floor":45.0,"key":"HeartOfIron"}],"is_trial":false,"path_per_floor":["M","M","?","M","?","R","E","R","T","R","M","E","$","M","R","B",null,"M","?","$","M","M","E","R","E","T","M","?","R","M","$","R","B",null,"M","?","M","M","?","E","M","E","T","R","M","M","$","?","R","B","B",null,"R","$","E","B"],"character_chosen":"IRONCLAD","items_purchased":["ClockworkSouvenir","Metallicize","Chemical X","HeartOfIron","FearPotion"],"campfire_rested":0,"item_purchase_floors":[13,20,47,54,54],"current_hp_per_floor":[68,63,63,68,73,73,66,66,66,66,63,43,43,49,49,31,63,73,73,73,47,49,52,52,51,51,63,63,63,67,67,67,39,65,56,56,67,69,69,43,59,68,68,68,69,69,69,69,69,60,53,65,65,65,25,0],"gold":67,"neow_bonus":"ONE_RARE_RELIC","is_prod":false,"is_daily":false,"chose_seed":false,"campfire_upgraded":9,"win_rate":0,"timestamp":1619750841,"path_taken":["M","M","?","M","?","R","E","R","T","R","M","E","$","M","R","BOSS","M","?","$","M","M","E","R","E","T","M","?","R","M","$","R","BOSS","M","?","M","M","?","E","?","E","T","R","M","M","$","?","R","BOSS","BOSS","R","$","E","BOSS"],"build_version":"2020-12-22","purchased_purges":2,"victory":false,"max_hp_per_floor":[68,68,68,68,73,73,73,73,73,73,73,73,73,73,73,73,73,73,73,73,73,73,73,73,73,73,73,73,73,73,73,73,73,73,73,69,69,69,69,69,69,69,69,69,69,69,69,69,69,69,69,69,69,69,69,69],"card_choices":[{"not_picked":["Iron Wave","Fire Breathing"],"picked":"Disarm","floor":1.0},{"not_picked":["Clash","True Grit"],"picked":"Shrug It Off","floor":2.0},{"not_picked":["Battle Trance","Headbutt"],"picked":"Inflame","floor":4.0},{"not_picked":["Rage","Blood for Blood"],"picked":"Metallicize","floor":7.0},{"not_picked":["Dual Wield","Headbutt"],"picked":"Inflame","floor":11.0},{"not_picked":["Warcry","Power Through"],"picked":"Sword Boomerang","floor":12.0},{"not_picked":["Wild Strike","Anger"],"picked":"Metallicize","floor":14.0},{"not_picked":["Exhume","Barricade"],"picked":"Reaper","floor":16.0},{"not_picked":["Flex","Sword Boomerang"],"picked":"Shrug It Off","floor":18.0},{"not_picked":["Feel No Pain","Flex","Anger"],"picked":"SKIP","floor":21.0},{"not_picked":["Carnage","Uppercut","Heavy Blade"],"picked":"SKIP","floor":22.0},{"not_picked":["Seeing Red","Clash"],"picked":"Whirlwind","floor":23.0},{"not_picked":["Warcry","Cleave","Twin Strike"],"picked":"SKIP","floor":25.0},{"not_picked":["Searing Blow","Body Slam"],"picked":"Offering","floor":27.0},{"not_picked":["Dropkick","Headbutt","Anger+1"],"picked":"SKIP","floor":30.0},{"not_picked":["Feed","Bludgeon"],"picked":"Double Tap","floor":33.0},{"not_picked":["Havoc+1","Clothesline+1","Combust"],"picked":"SKIP","floor":35.0},{"not_picked":["Hemokinesis","Sentinel","Wild Strike"],"picked":"SKIP","floor":37.0},{"not_picked":["Wild Strike","Body Slam+1"],"picked":"Bloodletting","floor":38.0},{"not_picked":["True Grit","Twin Strike+1","Sword Boomerang"],"picked":"SKIP","floor":40.0},{"not_picked":["Iron Wave+1","Uppercut+1"],"picked":"Barricade","floor":41.0},{"not_picked":["Clothesline","Rampage","Power Through+1"],"picked":"SKIP","floor":42.0},{"not_picked":["Flame Barrier","Headbutt+1"],"picked":"Whirlwind","floor":45.0},{"not_picked":["Flex","Perfected Strike+1","Heavy Blade"],"picked":"SKIP","floor":45.0},{"not_picked":["Headbutt","Reckless Charge+1","Warcry"],"picked":"SKIP","floor":46.0},{"not_picked":["Fire Breathing","Thunderclap","Shrug It Off"],"picked":"SKIP","floor":46.0},{"not_picked":["Clothesline+1","Intimidate","Twin Strike+1"],"picked":"SKIP","floor":55.0}],"player_experience":1477110,"relics_obtained":[{"floor":7.0,"key":"Nunchaku"},{"floor":9.0,"key":"War Paint"},{"floor":12.0,"key":"Art of War"},{"floor":23.0,"key":"Oddly Smooth Stone"},{"floor":25.0,"key":"Turnip"},{"floor":26.0,"key":"Red Skull"},{"floor":40.0,"key":"Bottled Lightning"},{"floor":42.0,"key":"Prayer Wheel"},{"floor":55.0,"key":"StoneCalendar"}],"event_choices":[{"damage_healed":0.0,"max_hp_gain":0.0,"max_hp_loss":0.0,"gold_gain":0.0,"event_name":"Liars Game","player_choice":"Ignored","floor":3.0,"gold_loss":0.0,"damage_taken":0.0},{"damage_healed":0.0,"max_hp_gain":5.0,"max_hp_loss":0.0,"gold_gain":0.0,"event_name":"Big Fish","player_choice":"Donut","floor":5.0,"gold_loss":0.0,"damage_taken":0.0},{"damage_healed":0.0,"max_hp_gain":0.0,"max_hp_loss":0.0,"gold_gain":0.0,"event_name":"Back to Basics","player_choice":"Simplicity","floor":19.0,"gold_loss":0.0,"damage_taken":0.0,"cards_upgraded":["Strike_R","Strike_R","Strike_R","Strike_R","Strike_R","Defend_R","Defend_R"]},{"damage_healed":0.0,"max_hp_gain":0.0,"max_hp_loss":0.0,"gold_gain":50.0,"event_name":"Nest","player_choice":"Stole From Cult","floor":28.0,"gold_loss":0.0,"damage_taken":0.0},{"damage_healed":0.0,"max_hp_gain":0.0,"max_hp_loss":4.0,"gold_gain":0.0,"event_name":"Winding Halls","player_choice":"Max HP","floor":36.0,"gold_loss":0.0,"damage_taken":0.0},{"damage_healed":0.0,"max_hp_gain":0.0,"max_hp_loss":0.0,"gold_gain":0.0,"event_name":"Designer","player_choice":"Upgraded Two","floor":39.0,"gold_loss":50.0,"damage_taken":0.0,"cards_upgraded":["Sword Boomerang","Reaper"]},{"damage_healed":0.0,"max_hp_gain":0.0,"max_hp_loss":0.0,"gold_gain":50.0,"event_name":"Golden Shrine","player_choice":"Pray","floor":48.0,"gold_loss":0.0,"damage_taken":0.0}],"is_beta":false,"boss_relics":[{"not_picked":["Philosopher\u0027s Stone","Astrolabe"],"picked":"Velvet Choker"},{"not_picked":["Runic Cube","SacredBark"],"picked":"Runic Pyramid"}],"items_purged_floors":[20,47],"is_endless":false,"potions_floor_spawned":[1,4,7,23,30,33,38,40,41,45],"killed_by":"The Heart","ascension_level":20}