{"gold_per_floor":[369,386,386,33,47,47,47,77,77,77,88,114,114,124,124,197,197,213,227,238,238],"floor_reached":21,"playtime":941,"items_purged":["Regret"],"score":382,"play_id":"4bc8c25b-cc16-41e3-99ec-2c90edf0c6ca","local_time":"20210501162742","is_ascension_mode":true,"campfire_choices":[{"data":"Whirlwind","floor":6,"key":"SMITH"},{"data":"Pommel Strike","floor":13,"key":"SMITH"},{"data":"Flame Barrier","floor":15,"key":"SMITH"}],"neow_cost":"TEN_PERCENT_HP_LOSS","seed_source_timestamp":2157774385811400,"circlet_count":0,"master_deck":["AscendersBane","Strike_R","Strike_R","Strike_R","Strike_R","Strike_R","Defend_R","Defend_R","Defend_R","Defend_R","Bash","Whirlwind+1","Flame Barrier+1","Inflame+1","Metallicize+1","Pommel Strike+1","Bloodletting","Flex","Limit Break","Armaments"],"relics":["Burning Blood","StoneCalendar","Chemical X","PreservedInsect","Letter Opener","Tiny Chest","Runic Pyramid"],"potions_floor_usage":[21,21],"damage_taken":[{"damage":8,"enemies":"Jaw Worm","floor":1,"turns":7},{"damage":0,"enemies":"Small Slimes","floor":2,"turns":2},{"damage":0,"enemies":"2 Louse","floor":5,"turns":2},{"damage":3,"enemies":"3 Sentries","floor":8,"turns":3},{"damage":13,"enemies":"Gremlin Gang","floor":11,"turns":2},{"damage":8,"enemies":"Gremlin Nob","floor":12,"turns":3},{"damage":23,"enemies":"Large Slime","floor":14,"turns":5},{"damage":15,"enemies":"Hexaghost","floor":16,"turns":7},{"damage":0,"enemies":"3 Byrds","floor":18,"turns":4},{"damage":37,"enemies":"2 Thieves","floor":19,"turns":4},{"damage":33,"enemies":"Shelled Parasite and Fungi","floor":20,"turns":4},{"damage":9,"enemies":"Centurion and Healer","floor":21,"turns":3}],"seed_played":"-3237167144415573931","potions_obtained":[{"floor":1,"key":"ElixirPotion"},{"floor":11,"key":"Weak Potion"},{"floor":12,"key":"Swift Potion"},{"floor":14,"key":"PowerPotion"}],"is_trial":false,"path_per_floor":["M","M","?","$","M","R","?","E","T","?","M","E","R","M","R","B",null,"M","M","M","M"],"character_chosen":"IRONCLAD","items_purchased":["Chemical X","Flame Barrier","Inflame"],"campfire_rested":0,"item_purchase_floors":[4,4,4],"current_hp_per_floor":[66,68,68,68,68,68,68,68,68,68,61,59,59,42,42,33,59,65,34,7,0],"gold":238,"neow_bonus":"TWO_FIFTY_GOLD","is_prod":false,"is_daily":false,"chose_seed":false,"campfire_upgraded":3,"win_rate":0,"timestamp":1619904462,"path_taken":["M","M","?","$","M","R","?","E","T","?","?","E","R","M","R","BOSS","M","M","M","M"],"build_version":"2020-12-22","purchased_purges":1,"victory":false,"max_hp_per_floor":[68,68,68,68,68,68,68,68,68,68,68,68,68,68,68,68,68,68,68,68,68],"card_choices":[{"not_picked":["Rupture","Infernal Blade"],"picked":"Whirlwind","floor":1},{"not_picked":["True Grit","Fire Breathing","Evolve"],"picked":"SKIP","floor":2},{"not_picked":["Sword Boomerang","Cleave"],"picked":"Metallicize","floor":5},{"not_picked":["Rampage","Perfected Strike","Uppercut"],"picked":"SKIP","floor":8},{"not_picked":["Bloodletting","Warcry"],"picked":"Pommel Strike","floor":11},{"not_picked":["True Grit","Dropkick"],"picked":"Bloodletting","floor":12},{"not_picked":["Headbutt","Sword Boomerang"],"picked":"Flex","floor":14},{"not_picked":["Juggernaut","Reaper"],"picked":"Limit Break","floor":16},{"not_picked":["Cleave","Rupture"],"picked":"Armaments","floor":18},{"not_picked":["Clash","Pummel","Shrug It Off"],"picked":"SKIP","floor":19},{"not_picked":["Heavy Blade","Second Wind","Armaments"],"picked":"SKIP","floor":20}],"player_experience":1504329,"relics_obtained":[{"floor":8,"key":"PreservedInsect"},{"floor":9,"key":"Letter Opener"},{"floor":12,"key":"Tiny Chest"}],"event_choices":[{"damage_healed":0,"gold_gain":0,"player_choice":"Box","damage_taken":0,"relics_obtained":["StoneCalendar"],"max_hp_gain":0,"max_hp_loss":0,"event_name":"Big Fish","floor":3,"gold_loss":0,"cards_obtained":["Regret"]},{"damage_healed":0,"gold_gain":0,"player_choice":"Grow","damage_taken":0,"max_hp_gain":0,"max_hp_loss":0,"event_name":"Living Wall","floor":7,"gold_loss":0,"cards_upgraded":["Inflame"]},{"damage_healed":0,"gold_gain":0,"player_choice":"Upgraded","damage_taken":0,"max_hp_gain":0,"max_hp_loss":0,"event_name":"Upgrade Shrine","floor":10,"gold_loss":0,"cards_upgraded":["Metallicize"]}],"is_beta":false,"boss_relics":[{"not_picked":["Philosopher\u0027s Stone","Calling Bell"],"picked":"Runic Pyramid"}],"items_purged_floors":[4],"is_endless":false,"potions_floor_spawned":[1,11,12,14],"killed_by":"Centurion and Healer","ascension_level":20}