{"gold_per_floor":[367,367,378,453,473,473,28,60,60,60,89,107,121,154,154,230,230,247,247,265,277,297,297],"floor_reached":23,"playtime":1717,"items_purged":["Strike_R"],"score":501,"play_id":"6b7c5909-1349-488d-a237-e162d60ba441","local_time":"20210427131258","is_ascension_mode":true,"campfire_choices":[{"data":"Carnage","floor":6.0,"key":"SMITH"},{"data":"Carnage","floor":10.0,"key":"SMITH"},{"data":"Feed","floor":15.0,"key":"SMITH"}],"neow_cost":"PERCENT_DAMAGE","seed_source_timestamp":1799562067550300,"circlet_count":0,"master_deck":["AscendersBane","Strike_R","Strike_R","Strike_R","Defend_R","Defend_R","Defend_R","Defend_R","Bash","Clothesline","Carnage+1","Feed+1","Feel No Pain","Carnage+1","Spot Weakness","Berserk","Shrug It Off"],"special_seed":0,"relics":["Black Blood","OrangePellets","FossilizedHelix","Magic Flower","Ornamental Fan","Omamori"],"potions_floor_usage":[20,20],"damage_taken":[{"damage":1.0,"enemies":"Cultist","floor":1.0,"turns":3.0},{"damage":1.0,"enemies":"2 Louse","floor":3.0,"turns":3.0},{"damage":2.0,"enemies":"Jaw Worm","floor":5.0,"turns":4.0},{"damage":30.0,"enemies":"Gremlin Nob","floor":8.0,"turns":4.0},{"damage":10.0,"enemies":"Lagavulin","floor":11.0,"turns":5.0},{"damage":6.0,"enemies":"3 Louse","floor":12.0,"turns":4.0},{"damage":17.0,"enemies":"Lots of Slimes","floor":13.0,"turns":5.0},{"damage":0.0,"enemies":"3 Sentries","floor":14.0,"turns":11.0},{"damage":50.0,"enemies":"Slime Boss","floor":16.0,"turns":16.0},{"damage":20.0,"enemies":"Chosen","floor":18.0,"turns":6.0},{"damage":68,"enemies":"3 Byrds","floor":20,"turns":9},{"damage":24,"enemies":"Snecko","floor":21,"turns":6},{"damage":24,"enemies":"Chosen and Byrds","floor":22,"turns":6},{"damage":26,"enemies":"Gremlin Leader","floor":23,"turns":5}],"seed_played":"-7699717248041233326","potions_obtained":[{"floor":3.0,"key":"DistilledChaos"},{"floor":12.0,"key":"SpeedPotion"},{"floor":14.0,"key":"Swift Potion"},{"floor":16.0,"key":"Strength Potion"}],"is_trial":false,"path_per_floor":["M","?","M","?","M","R","$","E","T","R","E","M","M","E","R","B",null,"M","?","M","M","M","E"],"character_chosen":"IRONCLAD","items_purchased":["Feed","Feel No Pain","OrangePellets"],"campfire_rested":0,"item_purchase_floors":[7,7,7],"current_hp_per_floor":[55,60,65,54,58,58,58,34,34,34,33,41,38,52,52,17,74,72,72,28,28,28,2],"gold":297,"neow_bonus":"TWO_FIFTY_GOLD","is_prod":false,"is_daily":false,"chose_seed":false,"campfire_upgraded":3,"win_rate":0,"timestamp":1619547178,"path_taken":["M","?","M","?","M","R","$","E","T","R","E","?","M","E","R","BOSS","M","?","M","M","M","E"],"build_version":"2020-12-22","purchased_purges":1,"victory":false,"max_hp_per_floor":[75,80,80,80,80,80,80,80,80,80,80,83,86,89,89,93,93,93,93,97,101,105,105],"card_choices":[{"not_picked":["Perfected Strike","Shrug It Off"],"picked":"Clothesline","floor":1.0},{"not_picked":["Warcry","Anger"],"picked":"Carnage","floor":3.0},{"not_picked":["Clothesline","Warcry","Twin Strike"],"picked":"SKIP","floor":5.0},{"not_picked":["Hemokinesis","Bludgeon"],"picked":"Carnage","floor":8.0},{"not_picked":["Warcry","Entrench"],"picked":"Spot Weakness","floor":11.0},{"not_picked":["Pommel Strike","Perfected Strike","Body Slam"],"picked":"SKIP","floor":12.0},{"not_picked":["Clash","Body Slam","Sword Boomerang"],"picked":"SKIP","floor":13.0},{"not_picked":["Cleave","Entrench","Blood for Blood"],"picked":"SKIP","floor":14.0},{"not_picked":["Demon Form","Fiend Fire"],"picked":"Berserk","floor":16.0},{"not_picked":["Cleave","True Grit"],"picked":"Shrug It Off","floor":18.0},{"not_picked":["Havoc","Iron Wave","Body Slam+1"],"picked":"SKIP","floor":20},{"not_picked":["Wild Strike","Evolve","Searing Blow"],"picked":"SKIP","floor":21},{"not_picked":["Rupture","Combust","Anger"],"picked":"SKIP","floor":22}],"player_experience":1442837,"relics_obtained":[{"floor":8.0,"key":"FossilizedHelix"},{"floor":9.0,"key":"Magic Flower"},{"floor":11.0,"key":"Ornamental Fan"},{"floor":14.0,"key":"Omamori"}],"event_choices":[{"damage_healed":0.0,"max_hp_gain":5.0,"max_hp_loss":0.0,"gold_gain":0.0,"event_name":"Big Fish","player_choice":"Donut","floor":2.0,"gold_loss":0.0,"damage_taken":0.0},{"damage_healed":0.0,"max_hp_gain":0.0,"max_hp_loss":0.0,"gold_gain":75.0,"event_name":"World of Goop","player_choice":"Gather Gold","floor":4.0,"gold_loss":0.0,"damage_taken":11.0},{"cards_removed":["Strike_R"],"damage_healed":0.0,"max_hp_gain":0.0,"max_hp_loss":0.0,"gold_gain":0.0,"event_name":"Purifier","player_choice":"Purged","floor":19.0,"gold_loss":0.0,"damage_taken":0.0}],"is_beta":false,"boss_relics":[{"not_picked":["Runic Cube","Tiny House"],"picked":"Black Blood"}],"items_purged_floors":[7],"is_endless":false,"potions_floor_spawned":[3,12,14,16,18],"killed_by":"Gremlin Leader","ascension_level":20}