{"gold_per_floor":[210,360,371,28,40,40,53,53,53,70,100,114,146,163,163,237,237,211,231,231,241,256,256,256],"floor_reached":24,"playtime":1356,"items_purged":["Doubt"],"score":524,"play_id":"c467e075-743a-47de-9c86-2bcadd6a6d7c","local_time":"20210501143300","is_ascension_mode":true,"campfire_choices":[{"data":"Perfected Strike","floor":6.0,"key":"SMITH"},{"data":"Perfected Strike","floor":15.0,"key":"SMITH"},{"data":"Barricade","floor":23.0,"key":"SMITH"}],"neow_cost":"NONE","seed_source_timestamp":2150366634557400,"circlet_count":0,"master_deck":["AscendersBane","Strike_R","Strike_R","Strike_R","Strike_R","Strike_R","Defend_R","Defend_R","Defend_R","Defend_R","Bash","Pommel Strike","Perfected Strike+1","Power Through","Flame Barrier+1","Armaments+1","Perfected Strike+1","Barricade+1","Bloodletting+1","Power Through+1","Ghostly Armor+1"],"special_seed":0,"relics":["Burning Blood","Meat on the Bone","Toxic Egg 2","StoneCalendar","Sozu","Nloth\u0027s Gift"],"potions_floor_usage":[],"damage_taken":[{"damage":7.0,"enemies":"Jaw Worm","floor":1.0,"turns":3.0},{"damage":15.0,"enemies":"Small Slimes","floor":3.0,"turns":3.0},{"damage":1.0,"enemies":"Cultist","floor":5.0,"turns":3.0},{"damage":1.0,"enemies":"Exordium Wildlife","floor":7.0,"turns":3.0},{"damage":2.0,"enemies":"Exordium Thugs","floor":10.0,"turns":4.0},{"damage":15.0,"enemies":"Lagavulin","floor":11.0,"turns":4.0},{"damage":1.0,"enemies":"2 Fungi Beasts","floor":12.0,"turns":4.0},{"damage":20.0,"enemies":"3 Sentries","floor":13.0,"turns":9.0},{"damage":0.0,"enemies":"Blue Slaver","floor":14.0,"turns":3.0},{"damage":0.0,"enemies":"The Guardian","floor":16.0,"turns":9.0},{"damage":18.0,"enemies":"2 Thieves","floor":18.0,"turns":4.0},{"damage":3.0,"enemies":"3 Byrds","floor":19.0,"turns":7.0},{"damage":21.0,"enemies":"Centurion and Healer","floor":21.0,"turns":8.0},{"damage":16.0,"enemies":"Chosen and Byrds","floor":22.0,"turns":6.0},{"damage":61,"enemies":"Gremlin Leader","floor":24,"turns":8}],"seed_played":"-8997666645244398384","potions_obtained":[{"floor":3.0,"key":"LiquidMemories"},{"floor":5.0,"key":"LiquidMemories"},{"floor":12.0,"key":"SkillPotion"}],"is_trial":false,"path_per_floor":["M","?","M","$","M","R","M","?","T","M","E","M","E","M","R","B",null,"M","M","?","M","M","R","E"],"character_chosen":"IRONCLAD","items_purchased":["Meat on the Bone"],"campfire_rested":0,"item_purchase_floors":[4],"current_hp_per_floor":[67,67,58,58,63,63,68,73,73,77,68,73,59,65,65,71,78,66,69,69,54,56,56,0],"gold":256,"neow_bonus":"HUNDRED_GOLD","is_prod":false,"is_daily":false,"chose_seed":false,"campfire_upgraded":3,"win_rate":0,"timestamp":1619897580,"path_taken":["M","?","M","$","M","R","M","?","T","M","E","M","E","M","R","BOSS","M","M","?","M","?","R","E"],"build_version":"2020-12-22","purchased_purges":1,"victory":false,"max_hp_per_floor":[75,75,75,75,75,75,75,80,80,80,80,80,80,80,80,80,80,80,80,80,80,80,80,80],"card_choices":[{"not_picked":["Sword Boomerang","Headbutt"],"picked":"Pommel Strike","floor":1.0},{"not_picked":["Twin Strike","Blood for Blood"],"picked":"Perfected Strike","floor":3.0},{"not_picked":["True Grit","Clash","Thunderclap"],"picked":"SKIP","floor":5.0},{"not_picked":["Burning Pact","Seeing Red","Sentinel"],"picked":"SKIP","floor":7.0},{"not_picked":["Havoc","Seeing Red"],"picked":"Power Through","floor":10.0},{"not_picked":["Disarm+1","Sentinel+1"],"picked":"Flame Barrier+1","floor":11.0},{"not_picked":["Infernal Blade+1","Searing Blow","Flex+1"],"picked":"SKIP","floor":12.0},{"not_picked":["Rampage","Thunderclap"],"picked":"Armaments+1","floor":13.0},{"not_picked":["Sentinel+1","Dual Wield+1"],"picked":"Perfected Strike","floor":14.0},{"not_picked":["Brutality","Bludgeon"],"picked":"Barricade","floor":16.0},{"not_picked":["Warcry+1","Cleave"],"picked":"Bloodletting+1","floor":18.0},{"not_picked":["Uppercut","Wild Strike+1","Rupture"],"picked":"SKIP","floor":19.0},{"not_picked":["Infernal Blade+1","Seeing Red+1"],"picked":"Power Through+1","floor":21.0},{"not_picked":["Clothesline","Iron Wave"],"picked":"Ghostly Armor+1","floor":22.0}],"player_experience":1499010,"relics_obtained":[{"floor":9.0,"key":"InkBottle"},{"floor":11.0,"key":"Toxic Egg 2"},{"floor":13.0,"key":"StoneCalendar"}],"event_choices":[{"damage_healed":0.0,"max_hp_gain":0.0,"max_hp_loss":0.0,"gold_gain":150.0,"event_name":"Liars Game","player_choice":"AGREE","floor":2.0,"gold_loss":0.0,"damage_taken":0.0,"cards_obtained":["Doubt"]},{"damage_healed":0.0,"max_hp_gain":5.0,"max_hp_loss":0.0,"gold_gain":0.0,"event_name":"Big Fish","player_choice":"Donut","floor":8.0,"gold_loss":0.0,"damage_taken":0.0},{"damage_healed":0.0,"max_hp_gain":0.0,"max_hp_loss":0.0,"gold_gain":0.0,"event_name":"N\u0027loth","player_choice":"Traded Relic","floor":20.0,"relics_lost":["InkBottle"],"gold_loss":0.0,"damage_taken":0.0,"relics_obtained":["Nloth\u0027s Gift"]}],"is_beta":false,"boss_relics":[{"not_picked":["Empty Cage","SlaversCollar"],"picked":"Sozu"}],"items_purged_floors":[4],"is_endless":false,"potions_floor_spawned":[3,5,12,19,22],"killed_by":"Gremlin Leader","ascension_level":20}