{"gold_per_floor":[109,184,196,31,47,82,82,98,98,128,128,140,140,167,167,243,243,254,287,287,297,311,311,336,336,359,372,398,313,341,341,341,341],"floor_reached":33,"playtime":1736,"items_purged":[],"score":626,"play_id":"412438c6-da78-4911-b1c9-728d2b809702","local_time":"20210424214347","is_ascension_mode":true,"campfire_choices":[{"data":"Bash","floor":7,"key":"SMITH"},{"data":"Flame Barrier","floor":11,"key":"SMITH"},{"data":"Metallicize","floor":13,"key":"SMITH"},{"data":"Wild Strike","floor":15,"key":"SMITH"},{"data":"Demon Form","floor":23,"key":"SMITH"},{"data":"Hemokinesis","floor":25,"key":"SMITH"},{"floor":32,"key":"REST"}],"neow_cost":"NONE","seed_source_timestamp":1571130622542100,"circlet_count":0,"master_deck":["AscendersBane","Strike_R+1","Strike_R+1","Strike_R+1","Strike_R+1","Strike_R+1","Defend_R+1","Defend_R+1","Defend_R+1","Defend_R+1","Bash+1","Wild Strike+1","Hemokinesis+1","Carnage+1","Flame Barrier+1","Metallicize+1","Pommel Strike+1","Whirlwind+1","Demon Form+1","True Grit+1","Havoc+1","Corruption","Shrug It Off"],"relics":["Burning Blood","Nunchaku","Molten Egg 2","Torii","StoneCalendar","Odd Mushroom","Busted Crown","Red Mask","Paper Frog","Omamori","Regal Pillow","Dead Branch","Turnip"],"potions_floor_usage":[10,16,18,22,24,28],"damage_taken":[{"damage":6,"enemies":"2 Louse","floor":1,"turns":4},{"damage":0,"enemies":"Small Slimes","floor":3,"turns":2},{"damage":9,"enemies":"Jaw Worm","floor":5,"turns":2},{"damage":32,"enemies":"Gremlin Nob","floor":6,"turns":4},{"damage":2,"enemies":"Large Slime","floor":8,"turns":2},{"damage":13,"enemies":"3 Sentries","floor":10,"turns":8},{"damage":0,"enemies":"2 Fungi Beasts","floor":12,"turns":2},{"damage":14,"enemies":"The Mushroom Lair","floor":14,"turns":5},{"damage":11,"enemies":"The Guardian","floor":16,"turns":8},{"damage":3,"enemies":"Spheric Guardian","floor":18,"turns":3},{"damage":31,"enemies":"Masked Bandits","floor":19,"turns":4},{"damage":0,"enemies":"2 Thieves","floor":21,"turns":4},{"damage":2,"enemies":"Chosen and Byrds","floor":22,"turns":4},{"damage":18,"enemies":"Book of Stabbing","floor":24,"turns":5},{"damage":9,"enemies":"Centurion and Healer","floor":27,"turns":5},{"damage":34,"enemies":"Gremlin Leader","floor":28,"turns":6},{"damage":15,"enemies":"Slavers","floor":30,"turns":4},{"damage":25,"enemies":"Collector","floor":33,"turns":8}],"seed_played":"1673382006155330660","potions_obtained":[{"floor":8,"key":"ColorlessPotion"},{"floor":12,"key":"Block Potion"},{"floor":14,"key":"Regen Potion"},{"floor":16,"key":"BlessingOfTheForge"},{"floor":18,"key":"Strength Potion"},{"floor":24,"key":"AttackPotion"},{"floor":28,"key":"FearPotion"},{"floor":30,"key":"Dexterity Potion"}],"is_trial":false,"path_per_floor":["M","?","M","$","M","E","R","M","T","E","R","M","R","?","R","B",null,"M","?","?","M","M","R","E","R","T","M","E","?","E","?","R","B"],"character_chosen":"IRONCLAD","items_purchased":["Nunchaku"],"campfire_rested":1,"item_purchase_floors":[4],"current_hp_per_floor":[75,64,70,70,67,41,41,45,45,38,38,44,44,36,36,46,73,76,51,51,57,61,61,49,49,49,46,18,18,9,9,48,23],"gold":341,"neow_bonus":"TEN_PERCENT_HP_BONUS","is_prod":false,"is_daily":false,"chose_seed":false,"campfire_upgraded":6,"win_rate":0,"timestamp":1619318627,"path_taken":["M","?","M","$","M","E","R","M","T","E","R","M","R","?","R","BOSS","M","?","?","M","M","R","E","R","T","M","E","?","E","?","R","BOSS"],"build_version":"2020-12-22","purchased_purges":0,"victory":false,"max_hp_per_floor":[82,82,82,82,82,82,82,82,82,82,82,82,82,82,82,82,82,82,82,82,82,82,82,82,82,82,82,82,82,82,82,82,82],"card_choices":[{"not_picked":["Heavy Blade","Shrug It Off"],"picked":"Wild Strike","floor":1},{"not_picked":["Dual Wield","Cleave"],"picked":"Hemokinesis","floor":3},{"not_picked":["Hemokinesis","Sever Soul","Fire Breathing"],"picked":"SKIP","floor":5},{"not_picked":["Dropkick+1","Anger+1"],"picked":"Carnage+1","floor":6},{"not_picked":["Shrug It Off","Pommel Strike+1"],"picked":"Flame Barrier","floor":8},{"not_picked":["Inflame","Berserk"],"picked":"Metallicize","floor":10},{"not_picked":["Flex","Sword Boomerang+1"],"picked":"Pommel Strike+1","floor":12},{"not_picked":["Wild Strike+1","Hemokinesis+1"],"picked":"Whirlwind+1","floor":14},{"not_picked":["Bludgeon+1","Limit Break"],"picked":"Demon Form","floor":16},{"not_picked":[],"picked":"True Grit+1","floor":18},{"not_picked":["Wild Strike+1"],"picked":"SKIP","floor":21},{"not_picked":["Wild Strike+1"],"picked":"SKIP","floor":22},{"not_picked":["Burning Pact"],"picked":"SKIP","floor":24},{"not_picked":[],"picked":"Havoc+1","floor":27},{"not_picked":["Bloodletting"],"picked":"SKIP","floor":28},{"not_picked":[],"picked":"Corruption","floor":30}],"player_experience":1427856,"relics_obtained":[{"floor":6,"key":"Molten Egg 2"},{"floor":9,"key":"Torii"},{"floor":10,"key":"StoneCalendar"},{"floor":14,"key":"Odd Mushroom"},{"floor":19,"key":"Red Mask"},{"floor":24,"key":"Paper Frog"},{"floor":26,"key":"Omamori"},{"floor":28,"key":"Regal Pillow"},{"floor":30,"key":"Turnip"}],"event_choices":[{"damage_healed":0,"gold_gain":75,"player_choice":"Gather Gold","damage_taken":11,"max_hp_gain":0,"max_hp_loss":0,"event_name":"World of Goop","floor":2,"gold_loss":0},{"damage_healed":0,"gold_gain":0,"player_choice":"Fought Mushrooms","damage_taken":0,"max_hp_gain":0,"max_hp_loss":0,"event_name":"Mushrooms","floor":14,"gold_loss":0},{"damage_healed":0,"gold_gain":0,"player_choice":"Fought Bandits","damage_taken":0,"max_hp_gain":0,"max_hp_loss":0,"event_name":"Masked Bandits","floor":19,"gold_loss":0},{"damage_healed":0,"gold_gain":0,"player_choice":"Simplicity","damage_taken":0,"max_hp_gain":0,"max_hp_loss":0,"event_name":"Back to Basics","floor":20,"gold_loss":0,"cards_upgraded":["Strike_R","Strike_R","Strike_R","Strike_R","Strike_R","Defend_R","Defend_R","Defend_R","Defend_R"]},{"damage_healed":0,"gold_gain":0,"player_choice":"Obtained Relic","damage_taken":0,"relics_obtained":["Dead Branch"],"max_hp_gain":0,"max_hp_loss":0,"event_name":"Addict","floor":29,"gold_loss":85},{"damage_healed":0,"gold_gain":0,"player_choice":"Read","damage_taken":0,"max_hp_gain":0,"max_hp_loss":0,"event_name":"The Library","floor":31,"gold_loss":0,"cards_obtained":["Shrug It Off"]}],"is_beta":false,"boss_relics":[{"not_picked":["Tiny House","Runic Pyramid"],"picked":"Busted Crown"}],"items_purged_floors":[],"is_endless":false,"potions_floor_spawned":[8,12,14,16,18,19,24,28,30],"killed_by":"Collector","ascension_level":20}