{"gold_per_floor":[117,117,137,81,81,113,123,151,174,174,174,204,216,243,255,267],"floor_reached":16,"playtime":627,"items_purged":[],"score":236,"play_id":"6f45c5d1-818b-4477-ac6c-94947f91138b","local_time":"20210430193642","is_ascension_mode":true,"campfire_choices":[{"data":"Intimidate","floor":11,"key":"SMITH"},{"data":"Bash","floor":15,"key":"SMITH"}],"neow_cost":"NONE","seed_source_timestamp":2083010851943000,"circlet_count":0,"master_deck":["AscendersBane","Strike_R","Strike_R","Strike_R","Strike_R","Strike_R","Defend_R","Defend_R","Defend_R","Defend_R","Bash+1","Perfected Strike+1","Inflame","Intimidate+1","Feed+1","Battle Trance"],"special_seed":0,"relics":["Burning Blood","PreservedInsect","Bag of Preparation","Molten Egg 2","Regal Pillow","MawBank","Frozen Egg 2"],"potions_floor_usage":[12,16,16],"damage_taken":[{"damage":1.0,"enemies":"2 Louse","floor":1.0,"turns":3.0},{"damage":7.0,"enemies":"Small Slimes","floor":3.0,"turns":3.0},{"damage":35.0,"enemies":"Lagavulin","floor":6.0,"turns":6.0},{"damage":0.0,"enemies":"Cultist","floor":7.0,"turns":2.0},{"damage":8.0,"enemies":"Gremlin Nob","floor":8.0,"turns":3.0},{"damage":20,"enemies":"Lagavulin","floor":12,"turns":4},{"damage":4,"enemies":"Looter","floor":14,"turns":3},{"damage":38,"enemies":"The Guardian","floor":16,"turns":10}],"seed_played":"6160722304385230881","potions_obtained":[{"floor":6.0,"key":"Weak Potion"},{"floor":7.0,"key":"Energy Potion"},{"floor":14,"key":"CultistPotion"}],"is_trial":false,"path_per_floor":["M","?","M","$","?","E","M","E","T","?","R","E","T","M","R","B"],"character_chosen":"IRONCLAD","items_purchased":["PowerPotion"],"campfire_rested":0,"item_purchase_floors":[4],"current_hp_per_floor":[80,80,79,79,68,39,45,43,43,43,43,33,33,39,39,1],"gold":267,"neow_bonus":"TEN_PERCENT_HP_BONUS","is_prod":false,"is_daily":false,"chose_seed":false,"campfire_upgraded":2,"win_rate":0,"timestamp":1619829402,"path_taken":["M","?","M","$","?","E","M","E","T","?","R","E","?","M","R","BOSS"],"build_version":"2020-12-22","purchased_purges":0,"victory":false,"max_hp_per_floor":[82,82,82,82,82,82,82,82,82,82,82,86,86,90,90,90],"card_choices":[{"not_picked":["Clothesline","Anger"],"picked":"Perfected Strike","floor":1.0},{"not_picked":["Iron Wave","Clothesline"],"picked":"Inflame","floor":3.0},{"not_picked":["Clash","Rupture"],"picked":"Intimidate","floor":6.0},{"not_picked":["Body Slam","Clothesline","Clash"],"picked":"SKIP","floor":7.0},{"not_picked":["Iron Wave+1","Twin Strike+1"],"picked":"Feed+1","floor":8.0},{"not_picked":["Flex","Iron Wave+1"],"picked":"Battle Trance","floor":12},{"not_picked":["Thunderclap+1","True Grit","Iron Wave+1"],"picked":"SKIP","floor":14}],"player_experience":1490727,"relics_obtained":[{"floor":6.0,"key":"Bag of Preparation"},{"floor":8.0,"key":"Molten Egg 2"},{"floor":9.0,"key":"Regal Pillow"},{"floor":12,"key":"MawBank"},{"floor":13,"key":"Frozen Egg 2"}],"event_choices":[{"damage_healed":0.0,"max_hp_gain":0.0,"max_hp_loss":0.0,"gold_gain":0.0,"event_name":"Living Wall","player_choice":"Grow","floor":2.0,"gold_loss":0.0,"damage_taken":0.0,"cards_upgraded":["Perfected Strike"]},{"damage_healed":0.0,"max_hp_gain":0.0,"max_hp_loss":0.0,"gold_gain":0.0,"event_name":"Scrap Ooze","player_choice":"Success","floor":5.0,"gold_loss":0.0,"damage_taken":11.0,"relics_obtained":["PreservedInsect"]},{"damage_healed":0,"gold_gain":0,"player_choice":"Searched \u00270\u0027 times","damage_taken":0,"max_hp_gain":0,"max_hp_loss":0,"event_name":"Dead Adventurer","floor":10,"gold_loss":0}],"is_beta":false,"boss_relics":[],"items_purged_floors":[],"is_endless":false,"potions_floor_spawned":[6,7,14],"killed_by":"The Guardian","ascension_level":20}