{"gold_per_floor":[14,24,24,38,38,38,70,70,70,70,70],"floor_reached":11,"playtime":438,"items_purged":[],"score":142,"play_id":"29c3a3d6-3237-4109-9f4f-b87bbed3db4c","local_time":"20210508134436","is_ascension_mode":true,"campfire_choices":[{"data":"Shockwave","floor":6.0,"key":"SMITH"},{"data":"Disarm","floor":8.0,"key":"SMITH"},{"data":"Spot Weakness","floor":10.0,"key":"SMITH"}],"neow_cost":"NO_GOLD","seed_source_timestamp":2753240601052200,"circlet_count":0,"master_deck":["AscendersBane","Strike_R","Strike_R","Strike_R","Strike_R","Defend_R","Defend_R","Defend_R","Defend_R","Bash","Feed+1","Spot Weakness+1","Shrug It Off","Shockwave+1","Disarm+1"],"special_seed":0,"relics":["Burning Blood","Bottled Lightning","Bag of Preparation"],"potions_floor_usage":[],"damage_taken":[{"damage":5.0,"enemies":"Small Slimes","floor":1.0,"turns":3.0},{"damage":8.0,"enemies":"2 Louse","floor":2.0,"turns":2.0},{"damage":0.0,"enemies":"Cultist","floor":4.0,"turns":3.0},{"damage":57.0,"enemies":"3 Sentries","floor":7.0,"turns":12.0},{"damage":34,"enemies":"Gremlin Nob","floor":11,"turns":5}],"seed_played":"7746788263763035599","potions_obtained":[{"floor":1.0,"key":"ColorlessPotion"},{"floor":2.0,"key":"Explosive Potion"}],"is_trial":false,"path_per_floor":["M","M","?","M","?","R","E","R","T","R","E"],"character_chosen":"IRONCLAD","items_purchased":[],"campfire_rested":0,"item_purchase_floors":[],"current_hp_per_floor":[72,73,73,83,83,83,36,36,36,36,2],"gold":70,"neow_bonus":"THREE_RARE_CARDS","is_prod":false,"is_daily":false,"chose_seed":false,"campfire_upgraded":3,"win_rate":0,"timestamp":1620499476,"path_taken":["M","M","?","M","?","R","E","R","T","R","E"],"build_version":"2020-12-22","purchased_purges":0,"victory":false,"max_hp_per_floor":[78,81,81,85,85,85,89,89,89,89,89],"card_choices":[{"not_picked":["Berserk","Barricade"],"picked":"Feed","floor":0.0},{"not_picked":["Shrug It Off","Dual Wield"],"picked":"Spot Weakness","floor":1.0},{"not_picked":["Headbutt","Iron Wave"],"picked":"Shrug It Off","floor":2.0},{"not_picked":["Burning Pact","Thunderclap"],"picked":"Shockwave","floor":4.0},{"not_picked":["Heavy Blade","Pommel Strike"],"picked":"Disarm","floor":7.0}],"player_experience":1542606,"relics_obtained":[{"floor":7.0,"key":"Bottled Lightning"},{"floor":9.0,"key":"Bag of Preparation"}],"event_choices":[{"damage_healed":0.0,"max_hp_gain":0.0,"max_hp_loss":0.0,"gold_gain":0.0,"event_name":"Living Wall","player_choice":"Grow","floor":3.0,"gold_loss":0.0,"damage_taken":0.0,"cards_upgraded":["Feed"]},{"cards_removed":["Strike_R"],"damage_healed":0.0,"max_hp_gain":0.0,"max_hp_loss":0.0,"gold_gain":0.0,"event_name":"Bonfire Elementals","player_choice":"Offered Basic","floor":5.0,"gold_loss":0.0,"damage_taken":0.0}],"is_beta":false,"boss_relics":[],"items_purged_floors":[],"is_endless":false,"potions_floor_spawned":[1,2],"killed_by":"Gremlin Nob","ascension_level":20}