{"gold_per_floor":[110,120,132,48,63,94,124,124,124,167,180,180,200,218,218,317,317,317],"floor_reached":18,"playtime":1766,"items_purged":[],"score":448,"play_id":"2f1a5a1a-4b04-437b-ad46-ee4352a267a4","local_time":"20210514194851","is_ascension_mode":true,"campfire_choices":[{"data":"Whirlwind","floor":12.0,"key":"SMITH"},{"data":"Armaments","floor":15.0,"key":"SMITH"}],"neow_cost":"NONE","seed_source_timestamp":0,"circlet_count":0,"master_deck":["AscendersBane","Strike_R","Strike_R","Strike_R","Strike_R","Strike_R","Defend_R","Defend_R","Defend_R","Defend_R","Bash","Twin Strike","Hemokinesis","Sword Boomerang","Pommel Strike","Armaments+1","Cleave","Whirlwind+1","Shrug It Off","Power Through","Shrug It Off","Immolate"],"special_seed":0,"relics":["Burning Blood","Pen Nib","Question Card","Darkstone Periapt","Golden Idol","Shuriken","Orichalcum","SlaversCollar"],"potions_floor_usage":[],"damage_taken":[{"damage":2.0,"enemies":"2 Louse","floor":1.0,"turns":3.0},{"damage":10.0,"enemies":"Small Slimes","floor":2.0,"turns":3.0},{"damage":4.0,"enemies":"Jaw Worm","floor":3.0,"turns":3.0},{"damage":4.0,"enemies":"3 Louse","floor":5.0,"turns":3.0},{"damage":19.0,"enemies":"Lagavulin","floor":6.0,"turns":7.0},{"damage":10.0,"enemies":"Gremlin Nob","floor":10.0,"turns":3.0},{"damage":2.0,"enemies":"Blue Slaver","floor":11.0,"turns":4.0},{"damage":1.0,"enemies":"Red Slaver","floor":13.0,"turns":4.0},{"damage":5.0,"enemies":"Looter","floor":14.0,"turns":2.0},{"damage":2.0,"enemies":"Slime Boss","floor":16.0,"turns":5.0},{"damage":2,"enemies":"3 Byrds","floor":18,"turns":1}],"seed_played":"6445362396191697814","potions_obtained":[{"floor":1.0,"key":"SkillPotion"},{"floor":6.0,"key":"Strength Potion"},{"floor":10.0,"key":"DuplicationPotion"},{"floor":14.0,"key":"SkillPotion"}],"is_trial":false,"path_per_floor":["M","M","M","$","M","E","?","?","T","E","M","R","M","M","R","B",null,"M"],"character_chosen":"IRONCLAD","items_purchased":["Pommel Strike","Explosive Potion"],"campfire_rested":0,"item_purchase_floors":[4,4],"current_hp_per_floor":[72,68,70,70,72,59,59,33,33,29,33,33,38,39,39,43,67,65],"gold":317,"neow_bonus":"RANDOM_COMMON_RELIC","is_prod":false,"is_daily":false,"chose_seed":false,"campfire_upgraded":2,"win_rate":0,"timestamp":1621039731,"path_taken":["M","M","M","$","M","E","?","?","T","E","M","R","M","M","R","BOSS","M"],"build_version":"2020-12-22","purchased_purges":0,"victory":false,"max_hp_per_floor":[75,75,75,75,75,75,75,75,75,75,75,75,75,75,75,75,75,75],"card_choices":[{"not_picked":["Entrench","Clothesline"],"picked":"Twin Strike","floor":1.0},{"not_picked":["Dark Embrace","Headbutt"],"picked":"Hemokinesis","floor":2.0},{"not_picked":["Feel No Pain","Thunderclap"],"picked":"Sword Boomerang","floor":3.0},{"not_picked":["Clash","Infernal Blade"],"picked":"Armaments","floor":5.0},{"not_picked":["Clothesline","Headbutt"],"picked":"Cleave","floor":6.0},{"not_picked":["Heavy Blade","Barricade","Ghostly Armor"],"picked":"Whirlwind","floor":10.0},{"not_picked":["Uppercut","Pommel Strike","Entrench"],"picked":"Shrug It Off","floor":11.0},{"not_picked":["Clothesline","Fire Breathing","Rupture"],"picked":"Power Through","floor":13.0},{"not_picked":["Entrench","Dark Embrace","Flex"],"picked":"Shrug It Off","floor":14.0},{"not_picked":["Juggernaut","Corruption","Exhume"],"picked":"Immolate","floor":16.0}],"player_experience":1545029,"relics_obtained":[{"floor":6.0,"key":"Question Card"},{"floor":9.0,"key":"Shuriken"},{"floor":10.0,"key":"Orichalcum"}],"event_choices":[{"damage_healed":0.0,"max_hp_gain":0.0,"max_hp_loss":0.0,"gold_gain":30.0,"event_name":"Dead Adventurer","player_choice":"Searched \u00272\u0027 times","floor":7.0,"gold_loss":0.0,"damage_taken":0.0,"relics_obtained":["Darkstone Periapt"]},{"damage_healed":0.0,"max_hp_gain":0.0,"max_hp_loss":0.0,"gold_gain":0.0,"event_name":"Golden Idol","player_choice":"Take Damage","floor":8.0,"gold_loss":0.0,"damage_taken":26.0,"relics_obtained":["Golden Idol"]}],"is_beta":false,"boss_relics":[{"not_picked":["Ectoplasm","Pandora\u0027s Box"],"picked":"SlaversCollar"}],"items_purged_floors":[],"is_endless":false,"potions_floor_spawned":[1,6,10,14],"killed_by":"3 Byrds","ascension_level":20}