{"gold_per_floor":[114,129,148,148,148,184,184,200,249,299,322,355,378,394,394,488,488,509,509,509,509,91,132,146,189,242,242,107,140,160,180,180,270,270,286,302,317,65,88,131,145,188,188,188,208,222,256,270,270,270,270],"floor_reached":51,"playtime":2138,"items_purged":["Writhe","Strike_R"],"score":1726,"play_id":"de8ffa47-84bb-4862-b8a6-2b3604f03a61","local_time":"20210516173308","is_ascension_mode":true,"campfire_choices":[{"data":"Bash","floor":7.0,"key":"SMITH"},{"floor":15,"key":"REST"},{"floor":27,"key":"REST"},{"floor":32,"key":"REST"},{"floor":44,"key":"REST"},{"floor":49,"key":"RECALL"}],"neow_cost":"NONE","seed_source_timestamp":144698874695000,"circlet_count":0,"master_deck":["AscendersBane","Strike_R+1","Strike_R+1","Strike_R","Strike_R","Defend_R","Defend_R","Defend_R","Defend_R","Bash+1","Pommel Strike","Battle Trance+1","Cleave","Metallicize","Inflame","Pommel Strike+1","Immolate+1","Sword Boomerang+1","Impervious","Pommel Strike+1","Uppercut+1","Shrug It Off+1","True Grit+1","Shrug It Off","Whirlwind+1","Heavy Blade+1","Limit Break","Sword Boomerang+1","Burning Pact","Bloodletting","Whirlwind+1"],"special_seed":0,"relics":["Philosopher\u0027s Stone","Golden Idol","Molten Egg 2","Akabeko","Centennial Puzzle","Fusion Hammer","Enchiridion","MutagenicStrength","Smiling Mask","Kunai","Bronze Scales","Blood Vial","Happy Flower","War Paint","Busted Crown","Membership Card","Toy Ornithopter","Pocketwatch","Red Skull"],"potions_floor_usage":[12,12,23,29,33,50],"damage_taken":[{"damage":8.0,"enemies":"Small Slimes","floor":1.0,"turns":3.0},{"damage":8.0,"enemies":"2 Louse","floor":2.0,"turns":3.0},{"damage":0.0,"enemies":"Cultist","floor":3.0,"turns":2.0},{"damage":9.0,"enemies":"Gremlin Nob","floor":6.0,"turns":3.0},{"damage":9.0,"enemies":"Blue Slaver","floor":8.0,"turns":3.0},{"damage":4.0,"enemies":"Large Slime","floor":11.0,"turns":4.0},{"damage":2,"enemies":"3 Sentries","floor":12,"turns":5},{"damage":0,"enemies":"Looter","floor":13,"turns":1},{"damage":0,"enemies":"Blue Slaver","floor":14,"turns":1},{"damage":0,"enemies":"Slime Boss","floor":16,"turns":4},{"damage":0,"enemies":"Chosen","floor":18,"turns":3},{"damage":10,"enemies":"Slavers","floor":23,"turns":2},{"damage":0,"enemies":"Spheric Guardian","floor":24,"turns":1},{"damage":7,"enemies":"Gremlin Leader","floor":25,"turns":3},{"damage":7,"enemies":"Book of Stabbing","floor":29,"turns":3},{"damage":0,"enemies":"3 Cultists","floor":30,"turns":2},{"damage":14,"enemies":"Snake Plant","floor":31,"turns":3},{"damage":14,"enemies":"Champ","floor":33,"turns":10},{"damage":0,"enemies":"Orb Walker","floor":35,"turns":1},{"damage":8,"enemies":"3 Darklings","floor":36,"turns":2},{"damage":10,"enemies":"Writhing Mass","floor":37,"turns":4},{"damage":0,"enemies":"4 Shapes","floor":39,"turns":1},{"damage":0,"enemies":"Giant Head","floor":40,"turns":4},{"damage":0,"enemies":"Jaw Worm Horde","floor":41,"turns":3},{"damage":19,"enemies":"Nemesis","floor":42,"turns":5},{"damage":0,"enemies":"Spire Growth","floor":45,"turns":2},{"damage":5,"enemies":"3 Darklings","floor":46,"turns":2},{"damage":6,"enemies":"Giant Head","floor":47,"turns":4},{"damage":0,"enemies":"Sphere and 2 Shapes","floor":48,"turns":1},{"damage":68,"enemies":"Awakened One","floor":50,"turns":6},{"damage":30,"enemies":"Time Eater","floor":51,"turns":1}],"seed_played":"-4149529991386755416","potions_obtained":[{"floor":1.0,"key":"Ancient Potion"},{"floor":8.0,"key":"Strength Potion"},{"floor":11.0,"key":"PowerPotion"},{"floor":13,"key":"Ancient Potion"},{"floor":14,"key":"DuplicationPotion"},{"floor":16,"key":"Explosive Potion"},{"floor":23,"key":"Swift Potion"},{"floor":31,"key":"Ancient Potion"},{"floor":45,"key":"SteroidPotion"}],"is_trial":false,"path_per_floor":["M","M","M","?","?","E","R","M","T","?","M","E","M","M","R","B",null,"M","?","?","?","$","E","M","E","T","R","$","E","M","M","R","B",null,"M","M","M","$","M","E","M","E","T","R","M","M","E","M","R","B","B"],"character_chosen":"IRONCLAD","items_purchased":["Uppercut+1","Kunai","Whirlwind+1","Membership Card","Sword Boomerang+1","FairyPotion"],"campfire_rested":4,"item_purchase_floors":[22,22,28,38,38,38],"current_hp_per_floor":[60,52,52,29,29,20,20,11,11,11,7,5,5,5,25,25,57,57,36,36,36,36,26,26,19,19,39,39,34,36,24,44,32,59,61,55,47,47,49,51,53,36,36,56,58,55,51,53,53,22,0],"gold":270,"neow_bonus":"BOSS_RELIC","is_prod":false,"is_daily":false,"chose_seed":false,"campfire_upgraded":1,"win_rate":0,"timestamp":1621204388,"path_taken":["M","M","M","?","?","E","R","M","T","?","?","E","M","M","R","BOSS","M","?","?","?","$","E","M","E","T","R","$","E","?","M","R","BOSS","M","M","M","$","M","E","M","E","T","R","?","M","E","M","R","BOSS","BOSS"],"build_version":"2020-12-22","purchased_purges":2,"victory":false,"max_hp_per_floor":[75,75,75,75,68,68,68,68,68,68,68,68,68,68,68,68,68,68,68,68,68,68,68,68,68,68,68,68,68,68,68,68,68,68,68,68,68,68,68,68,68,68,68,68,68,68,68,68,68,68,68],"card_choices":[{"not_picked":["Feel No Pain","Headbutt"],"picked":"Pommel Strike","floor":1.0},{"not_picked":["Thunderclap","Uppercut"],"picked":"Battle Trance","floor":2.0},{"not_picked":["Wild Strike","Havoc"],"picked":"Cleave","floor":3.0},{"not_picked":["Pummel+1","Feel No Pain"],"picked":"Metallicize","floor":6.0},{"not_picked":["True Grit","Sentinel"],"picked":"Inflame","floor":8.0},{"not_picked":["Clash+1","Anger+1"],"picked":"Pommel Strike+1","floor":11.0},{"not_picked":["Body Slam+1","Wild Strike+1"],"picked":"Immolate+1","floor":12},{"not_picked":["Clash+1","Warcry"],"picked":"Sword Boomerang+1","floor":13},{"not_picked":["Brutality","Rampage+1","Warcry"],"picked":"SKIP","floor":14},{"not_picked":["Barricade","Offering"],"picked":"Impervious","floor":16},{"not_picked":["Dual Wield","Pummel+1"],"picked":"Pommel Strike+1","floor":18},{"not_picked":["Power Through","Iron Wave+1"],"picked":"Shrug It Off","floor":23},{"not_picked":["Iron Wave+1","Thunderclap+1"],"picked":"True Grit+1","floor":24},{"not_picked":["Thunderclap+1","Feel No Pain"],"picked":"Shrug It Off","floor":25},{"not_picked":["Sever Soul+1","Wild Strike+1","Hemokinesis+1"],"picked":"SKIP","floor":29},{"not_picked":["Bloodletting","Metallicize"],"picked":"Heavy Blade+1","floor":30},{"not_picked":["Ghostly Armor","Headbutt+1","Metallicize"],"picked":"SKIP","floor":31},{"not_picked":["Berserk","Juggernaut"],"picked":"Limit Break","floor":33},{"not_picked":["Feel No Pain+1"],"picked":"SKIP","floor":35},{"not_picked":["Body Slam+1"],"picked":"SKIP","floor":36},{"not_picked":["Clash+1"],"picked":"SKIP","floor":37},{"not_picked":[],"picked":"Burning Pact","floor":39},{"not_picked":["Armaments"],"picked":"SKIP","floor":40},{"not_picked":[],"picked":"Bloodletting","floor":41},{"not_picked":["Anger+1"],"picked":"SKIP","floor":42},{"not_picked":[],"picked":"Whirlwind+1","floor":45},{"not_picked":["Thunderclap+1"],"picked":"SKIP","floor":46},{"not_picked":["Blood for Blood+1"],"picked":"SKIP","floor":47},{"not_picked":["Body Slam+1"],"picked":"SKIP","floor":48}],"player_experience":1566275,"relics_obtained":[{"floor":6.0,"key":"Molten Egg 2"},{"floor":9.0,"key":"Akabeko"},{"floor":12,"key":"Centennial Puzzle"},{"floor":19,"key":"Enchiridion"},{"floor":23,"key":"Bronze Scales"},{"floor":25,"key":"Blood Vial"},{"floor":26,"key":"Happy Flower"},{"floor":29,"key":"War Paint"},{"floor":40,"key":"Toy Ornithopter"},{"floor":42,"key":"Pocketwatch"},{"floor":47,"key":"Red Skull"}],"event_choices":[{"damage_healed":0.0,"max_hp_gain":0.0,"max_hp_loss":0.0,"gold_gain":0.0,"event_name":"Shining Light","player_choice":"Entered Light","floor":4.0,"gold_loss":0.0,"damage_taken":23.0,"cards_upgraded":["Strike_R","Strike_R"]},{"damage_healed":0.0,"max_hp_gain":0.0,"max_hp_loss":7.0,"gold_gain":0.0,"event_name":"Golden Idol","player_choice":"Lose Max HP","floor":5.0,"gold_loss":0.0,"damage_taken":0.0,"relics_obtained":["Golden Idol"]},{"damage_healed":0.0,"max_hp_gain":0.0,"max_hp_loss":0.0,"gold_gain":50.0,"event_name":"Golden Shrine","player_choice":"Pray","floor":10.0,"gold_loss":0.0,"damage_taken":0.0},{"damage_healed":0,"gold_gain":0,"player_choice":"Obtained Book","damage_taken":21,"max_hp_gain":0,"max_hp_loss":0,"event_name":"Cursed Tome","floor":19,"gold_loss":0},{"damage_healed":0,"gold_gain":0,"player_choice":"Inject Mutagens","damage_taken":0,"relics_obtained":["MutagenicStrength"],"max_hp_gain":0,"max_hp_loss":0,"event_name":"Drug Dealer","floor":20,"gold_loss":0},{"damage_healed":0,"gold_gain":0,"player_choice":"Opened","damage_taken":0,"relics_obtained":["Smiling Mask"],"max_hp_gain":0,"max_hp_loss":0,"event_name":"The Mausoleum","floor":21,"gold_loss":0,"cards_obtained":["Writhe"]}],"is_beta":false,"boss_relics":[{"not_picked":["Runic Cube","Black Star"],"picked":"Fusion Hammer"},{"not_picked":["Empty Cage","Tiny House"],"picked":"Busted Crown"}],"items_purged_floors":[22,28],"is_endless":false,"potions_floor_spawned":[1,8,11,13,14,16,23,31,39,45,46,47,48],"killed_by":"Time Eater","ascension_level":20}