{"gold_per_floor":[114,134,0,10,22,22,53,71,97,97,117,151,169,185,185,259,259],"floor_reached":17,"playtime":926,"items_purged":[],"score":342,"play_id":"cc5b51b9-b7c0-4f6b-b56f-8ad307977dca","local_time":"20210911153227","is_ascension_mode":true,"campfire_choices":[{"data":"Bash","floor":6.0,"key":"SMITH"},{"data":"Carnage","floor":10.0,"key":"SMITH"},{"data":"Armaments","floor":15.0,"key":"SMITH"}],"neow_cost":"TEN_PERCENT_HP_LOSS","seed_source_timestamp":0,"circlet_count":0,"master_deck":["AscendersBane","Strike_R","Strike_R+1","Strike_R","Strike_R","Strike_R","Defend_R","Defend_R","Defend_R","Defend_R","Bash+1","Disarm","Clothesline","Feel No Pain","Pommel Strike+1","Offering","Carnage+1","Armaments+1","Offering"],"special_seed":0,"relics":["Burning Blood","Calipers","PreservedInsect","Whetstone","Ancient Tea Set"],"potions_floor_usage":[],"damage_taken":[{"damage":1.0,"enemies":"Cultist","floor":1.0,"turns":3.0},{"damage":1.0,"enemies":"Small Slimes","floor":2.0,"turns":4.0},{"damage":7.0,"enemies":"Jaw Worm","floor":4.0,"turns":5.0},{"damage":22.0,"enemies":"3 Louse","floor":5.0,"turns":4.0},{"damage":12.0,"enemies":"Gremlin Nob","floor":7.0,"turns":3.0},{"damage":10.0,"enemies":"Exordium Wildlife","floor":8.0,"turns":4.0},{"damage":6.0,"enemies":"Looter","floor":11.0,"turns":2.0},{"damage":13.0,"enemies":"3 Sentries","floor":12.0,"turns":6.0},{"damage":2.0,"enemies":"3 Louse","floor":13.0,"turns":4.0},{"damage":6.0,"enemies":"Large Slime","floor":14.0,"turns":4.0},{"damage":38.0,"enemies":"Hexaghost","floor":16.0,"turns":8.0}],"seed_played":"6488056779059843071","potions_obtained":[{"floor":1.0,"key":"BloodPotion"},{"floor":5.0,"key":"FairyPotion"},{"floor":11.0,"key":"SpeedPotion"}],"is_trial":false,"path_per_floor":["M","M","$","M","M","R","E","M","T","R","M","E","M","M","R","B",null],"character_chosen":"IRONCLAD","items_purchased":["Feel No Pain","Strength Potion"],"campfire_rested":0,"item_purchase_floors":[3,3],"current_hp_per_floor":[68,68,68,67,64,64,58,54,54,54,54,47,51,51,51,19,19],"gold":259,"neow_bonus":"ONE_RARE_RELIC","is_prod":false,"is_daily":false,"chose_seed":false,"campfire_upgraded":3,"win_rate":0,"timestamp":1631392347,"path_taken":["M","?","$","M","M","R","E","M","T","R","M","E","M","M","R","BOSS"],"build_version":"2020-12-22","purchased_purges":0,"victory":false,"max_hp_per_floor":[68,68,68,68,68,68,68,68,68,68,68,68,68,68,68,68,68],"card_choices":[{"not_picked":["Fire Breathing","True Grit"],"picked":"Disarm","floor":1.0},{"not_picked":["True Grit","Twin Strike"],"picked":"Clothesline","floor":2.0},{"not_picked":["Perfected Strike","Heavy Blade"],"picked":"Pommel Strike","floor":4.0},{"not_picked":["Metallicize","Thunderclap"],"picked":"Offering","floor":5.0},{"not_picked":["Wild Strike","Headbutt","Flex"],"picked":"SKIP","floor":7.0},{"not_picked":["Iron Wave","Twin Strike"],"picked":"Carnage","floor":8.0},{"not_picked":["Clothesline","Uppercut","Sword Boomerang"],"picked":"SKIP","floor":11.0},{"not_picked":["Rage","Sword Boomerang","Rampage"],"picked":"SKIP","floor":12.0},{"not_picked":["Wild Strike","Twin Strike","Perfected Strike"],"picked":"SKIP","floor":13.0},{"not_picked":["Iron Wave","Infernal Blade"],"picked":"Armaments","floor":14.0},{"not_picked":["Barricade","Bludgeon"],"picked":"Offering","floor":16.0}],"player_experience":1658486,"relics_obtained":[{"floor":7.0,"key":"PreservedInsect"},{"floor":9.0,"key":"Whetstone"},{"floor":12.0,"key":"Ancient Tea Set"}],"event_choices":[],"is_beta":false,"boss_relics":[],"items_purged_floors":[],"is_endless":false,"potions_floor_spawned":[1,4,5,11],"ascension_level":20}