{"gold_per_floor":[119,135,151,151,169,169,182,182],"floor_reached":8,"playtime":530,"items_purged":[],"score":100,"play_id":"1003c106-24f1-4d35-bfbd-de83e43369ba","local_time":"20210927211624","is_ascension_mode":true,"campfire_choices":[{"data":"Wild Strike","floor":6,"key":"SMITH"}],"neow_cost":"NONE","seed_source_timestamp":4491674982235600,"circlet_count":0,"master_deck":["AscendersBane","Strike_R","Strike_R","Strike_R","Strike_R+1","Strike_R","Defend_R","Defend_R","Defend_R","Defend_R","Bash+1","Sword Boomerang","Pommel Strike","Wild Strike+1","Pommel Strike","Inflame"],"relics":["Burning Blood","Regal Pillow"],"potions_floor_usage":[5,8,8],"damage_taken":[{"damage":3,"enemies":"2 Louse","floor":1,"turns":3},{"damage":7,"enemies":"Small Slimes","floor":2,"turns":3},{"damage":14,"enemies":"Jaw Worm","floor":3,"turns":4},{"damage":9,"enemies":"Lots of Slimes","floor":5,"turns":5},{"damage":21,"enemies":"Exordium Wildlife","floor":7,"turns":3},{"damage":20,"enemies":"3 Sentries","floor":8,"turns":5}],"seed_played":"-1279964639994256058","potions_obtained":[{"floor":1,"key":"SpeedPotion"},{"floor":3,"key":"Energy Potion"},{"floor":5,"key":"Strength Potion"}],"is_trial":false,"path_per_floor":["M","M","M","?","M","R","M","E"],"character_chosen":"IRONCLAD","items_purchased":[],"campfire_rested":0,"item_purchase_floors":[],"current_hp_per_floor":[71,70,62,39,36,36,21,1],"gold":182,"neow_bonus":"RANDOM_COMMON_RELIC","is_prod":false,"is_daily":false,"chose_seed":false,"campfire_upgraded":1,"win_rate":0,"timestamp":1632795384,"path_taken":["M","M","M","?","M","R","M","E"],"build_version":"2020-12-22","purchased_purges":0,"victory":false,"max_hp_per_floor":[75,75,75,75,75,75,75,75],"card_choices":[{"not_picked":["Sever Soul","Warcry"],"picked":"Sword Boomerang","floor":1},{"not_picked":["Armaments","Shrug It Off"],"picked":"Pommel Strike","floor":2},{"not_picked":["Perfected Strike","Clash"],"picked":"Wild Strike","floor":3},{"not_picked":["Clothesline","Perfected Strike"],"picked":"Pommel Strike","floor":5},{"not_picked":["Bludgeon","True Grit"],"picked":"Inflame","floor":7}],"player_experience":1713502,"relics_obtained":[],"event_choices":[{"damage_healed":0,"gold_gain":0,"player_choice":"Entered Light","damage_taken":23,"max_hp_gain":0,"max_hp_loss":0,"event_name":"Shining Light","floor":4,"gold_loss":0,"cards_upgraded":["Strike_R","Bash"]}],"is_beta":false,"boss_relics":[],"items_purged_floors":[],"is_endless":false,"potions_floor_spawned":[1,3,5],"killed_by":"3 Sentries","ascension_level":20}