{"gold_per_floor":[111,127,127,145,145,185,185,198,198,239,239,274,295,336,336,336],"floor_reached":16,"playtime":769,"items_purged":[],"score":260,"play_id":"321ab0b6-4ba5-4a8f-8574-488e7b447b6f","local_time":"20210925024514","is_ascension_mode":true,"campfire_choices":[{"data":"Perfected Strike","floor":11,"key":"SMITH"},{"data":"Bash","floor":15,"key":"SMITH"}],"neow_cost":"NONE","seed_source_timestamp":4251966197389800,"circlet_count":0,"master_deck":["AscendersBane","Strike_R","Strike_R","Strike_R","Strike_R","Strike_R+1","Defend_R","Defend_R","Defend_R+1","Defend_R","Bash+1","Perfected Strike+1","Shrug It Off","Inflame","Cleave","Seeing Red","Pommel Strike","Metallicize","Flame Barrier"],"relics":["Burning Blood","Blood Vial","Golden Idol","The Courier","Tiny Chest","Bronze Scales","Lizard Tail","Potion Belt"],"potions_floor_usage":[6,10,10,14,16],"damage_taken":[{"damage":6,"enemies":"Cultist","floor":1,"turns":4},{"damage":7,"enemies":"Jaw Worm","floor":2,"turns":2},{"damage":2,"enemies":"2 Louse","floor":4,"turns":3},{"damage":41,"enemies":"Lagavulin","floor":6,"turns":8},{"damage":1,"enemies":"Looter","floor":8,"turns":4},{"damage":2,"enemies":"3 Sentries","floor":10,"turns":5},{"damage":8,"enemies":"Lagavulin","floor":12,"turns":5},{"damage":1,"enemies":"2 Fungi Beasts","floor":13,"turns":3},{"damage":29,"enemies":"Gremlin Nob","floor":14,"turns":4},{"damage":54,"enemies":"Hexaghost","floor":16,"turns":10}],"seed_played":"1496419082649959796","potions_obtained":[{"floor":1,"key":"Regen Potion"},{"floor":6,"key":"Block Potion"},{"floor":8,"key":"Explosive Potion"},{"floor":12,"key":"ColorlessPotion"},{"floor":14,"key":"ColorlessPotion"}],"is_trial":false,"path_per_floor":["M","M","?","M","?","E","?","M","T","E","R","E","M","E","R","B"],"character_chosen":"IRONCLAD","items_purchased":[],"campfire_rested":0,"item_purchase_floors":[],"current_hp_per_floor":[75,74,48,54,54,36,14,21,21,27,27,27,34,13,13,0],"gold":336,"neow_bonus":"TEN_PERCENT_HP_BONUS","is_prod":false,"is_daily":false,"chose_seed":false,"campfire_upgraded":2,"win_rate":0,"timestamp":1632555914,"path_taken":["M","M","?","M","?","E","?","M","T","E","R","E","M","E","R","BOSS"],"build_version":"2020-12-22","purchased_purges":0,"victory":false,"max_hp_per_floor":[82,82,82,82,74,74,74,74,74,74,74,74,74,74,74,74],"card_choices":[{"not_picked":["Searing Blow","True Grit"],"picked":"Perfected Strike","floor":1},{"not_picked":["Dark Embrace","Thunderclap"],"picked":"Shrug It Off","floor":2},{"not_picked":["True Grit","Sever Soul"],"picked":"Inflame","floor":4},{"not_picked":["Blood for Blood","Rage"],"picked":"Cleave","floor":6},{"not_picked":["Heavy Blade","True Grit"],"picked":"Seeing Red","floor":8},{"not_picked":["Exhume","Juggernaut"],"picked":"Pommel Strike","floor":10},{"not_picked":["Clash","Twin Strike","Cleave"],"picked":"SKIP","floor":12},{"not_picked":["True Grit","Headbutt"],"picked":"Metallicize","floor":13},{"not_picked":["Flex","Iron Wave"],"picked":"Flame Barrier","floor":14}],"player_experience":1704869,"relics_obtained":[{"floor":6,"key":"The Courier"},{"floor":9,"key":"Tiny Chest"},{"floor":10,"key":"Bronze Scales"},{"floor":12,"key":"Lizard Tail"},{"floor":14,"key":"Potion Belt"}],"event_choices":[{"damage_healed":0,"gold_gain":0,"player_choice":"Success","damage_taken":26,"relics_obtained":["Blood Vial"],"max_hp_gain":0,"max_hp_loss":0,"event_name":"Scrap Ooze","floor":3,"gold_loss":0},{"damage_healed":0,"gold_gain":0,"player_choice":"Lose Max HP","damage_taken":0,"relics_obtained":["Golden Idol"],"max_hp_gain":0,"max_hp_loss":8,"event_name":"Golden Idol","floor":5,"gold_loss":0},{"damage_healed":0,"gold_gain":0,"player_choice":"Entered Light","damage_taken":22,"max_hp_gain":0,"max_hp_loss":0,"event_name":"Shining Light","floor":7,"gold_loss":0,"cards_upgraded":["Defend_R","Strike_R"]}],"is_beta":false,"boss_relics":[],"items_purged_floors":[],"is_endless":false,"potions_floor_spawned":[1,6,8,12,14],"killed_by":"Hexaghost","ascension_level":20}