{"gold_per_floor":[111,129,279,31,31,31,63,82,82,82,109,109,135,185,185,258,258,271,291,305,318,32,32,32,67,67,91,104,104,138,138,138,215,215,230,248,248,273,273,273,298,298,298,325,337,352,371,397,397,397,397],"floor_reached":51,"playtime":2165,"items_purged":["Strike_R"],"score":1632,"play_id":"ec2af430-2fb1-48d1-bfea-66799584b666","local_time":"20210927234344","is_ascension_mode":true,"campfire_choices":[{"data":"Armaments","floor":6,"key":"SMITH"},{"data":"Sword Boomerang","floor":12,"key":"SMITH"},{"data":"Dramatic Entrance","floor":15,"key":"SMITH"},{"data":"Pommel Strike","floor":23,"key":"SMITH"},{"data":"Offering","floor":29,"key":"SMITH"},{"data":"Battle Trance","floor":32,"key":"SMITH"},{"data":"Impervious","floor":40,"key":"SMITH"},{"data":"Perfected Strike","floor":42,"key":"SMITH"},{"floor":49,"key":"RECALL"}],"neow_cost":"NONE","seed_source_timestamp":4498877217630200,"circlet_count":0,"master_deck":["AscendersBane","Strike_R","Strike_R","Strike_R","Strike_R","Defend_R","Defend_R","Defend_R","Defend_R","Bash","Perfected Strike+1","Armaments+1","Battle Trance+1","Wild Strike","Sword Boomerang+1","Shrug It Off","Twin Strike","Offering+1","Shrug It Off","Pommel Strike+1","Impervious+1","Dark Embrace+1","Flame Barrier","Fiend Fire+1","Pommel Strike+1","Reaper+1","Pommel Strike+1","Sword Boomerang+1"],"relics":["Burning Blood","Brimstone","StrikeDummy","Juzu Bracelet","Self Forming Clay","MealTicket","Coffee Dripper","Membership Card","Ginger","Frozen Egg 2","Molten Egg 2","Lantern","Blood Vial","Philosopher\u0027s Stone","StoneCalendar","Oddly Smooth Stone","Turnip","Unceasing Top"],"potions_floor_usage":[50,50],"damage_taken":[{"damage":5,"enemies":"Small Slimes","floor":1,"turns":2},{"damage":0,"enemies":"2 Louse","floor":2,"turns":2},{"damage":31,"enemies":"Lagavulin","floor":7,"turns":7},{"damage":0,"enemies":"Cultist","floor":8,"turns":2},{"damage":13,"enemies":"Gremlin Nob","floor":11,"turns":3},{"damage":0,"enemies":"Lagavulin","floor":13,"turns":4},{"damage":13,"enemies":"The Guardian","floor":16,"turns":7},{"damage":0,"enemies":"Chosen","floor":18,"turns":2},{"damage":17,"enemies":"Shell Parasite","floor":19,"turns":2},{"damage":7,"enemies":"Chosen and Byrds","floor":20,"turns":3},{"damage":6,"enemies":"Cultist and Chosen","floor":21,"turns":3},{"damage":15,"enemies":"Book of Stabbing","floor":25,"turns":4},{"damage":0,"enemies":"Snecko","floor":28,"turns":3},{"damage":6,"enemies":"Gremlin Leader","floor":30,"turns":3},{"damage":39,"enemies":"Collector","floor":33,"turns":6},{"damage":9,"enemies":"3 Shapes","floor":35,"turns":3},{"damage":0,"enemies":"3 Darklings","floor":36,"turns":2},{"damage":6,"enemies":"Mind Bloom Boss Battle","floor":38,"turns":4},{"damage":30,"enemies":"Reptomancer","floor":41,"turns":5},{"damage":25,"enemies":"Nemesis","floor":44,"turns":5},{"damage":6,"enemies":"Jaw Worm Horde","floor":45,"turns":2},{"damage":6,"enemies":"4 Shapes","floor":46,"turns":4},{"damage":6,"enemies":"Transient","floor":47,"turns":6},{"damage":6,"enemies":"Giant Head","floor":48,"turns":4},{"damage":94,"enemies":"Time Eater","floor":50,"turns":6},{"damage":64,"enemies":"Awakened One","floor":51,"turns":3}],"seed_played":"-8759806990871681535","potions_obtained":[{"floor":2,"key":"Ancient Potion"},{"floor":11,"key":"LiquidMemories"},{"floor":16,"key":"DuplicationPotion"}],"is_trial":false,"path_per_floor":["M","M","?","$","?","R","E","M","T","?","E","R","E","?","R","B",null,"M","M","M","M","$","R","T","E","T","T","M","R","E","?","R","B",null,"M","M","?","?","?","R","E","R","T","E","M","M","M","E","R","B","B"],"character_chosen":"IRONCLAD","items_purchased":["Brimstone","Battle Trance","Membership Card","Impervious"],"campfire_rested":0,"item_purchase_floors":[4,4,22,22],"current_hp_per_floor":[69,75,75,75,75,75,50,56,56,49,42,42,48,48,48,41,67,73,62,61,61,75,75,75,66,66,66,72,72,72,72,72,41,67,66,74,74,75,75,75,51,51,51,49,51,68,75,75,75,31,0],"gold":397,"neow_bonus":"RANDOM_COLORLESS","is_prod":false,"is_daily":false,"chose_seed":false,"campfire_upgraded":8,"win_rate":0,"timestamp":1632804224,"path_taken":["M","M","?","$","?","R","E","M","T","?","E","R","E","?","R","BOSS","M","M","M","M","$","R","?","E","T","?","M","R","E","?","R","BOSS","M","M","?","?","?","R","E","R","T","E","M","M","M","E","R","BOSS","BOSS"],"build_version":"2020-12-22","purchased_purges":1,"victory":false,"max_hp_per_floor":[75,75,75,75,75,75,75,75,75,75,75,75,75,75,75,75,75,75,75,75,75,75,75,75,75,75,75,75,75,75,75,75,75,75,75,75,75,75,75,75,75,75,75,75,75,75,75,75,75,75,75],"card_choices":[{"not_picked":["Dark Shackles","Deep Breath"],"picked":"Dramatic Entrance","floor":0},{"not_picked":["Havoc","Headbutt"],"picked":"Perfected Strike","floor":1},{"not_picked":["Feel No Pain","Warcry"],"picked":"Armaments","floor":2},{"not_picked":["Uppercut","Blood for Blood"],"picked":"Wild Strike","floor":7},{"not_picked":["Battle Trance","Perfected Strike"],"picked":"Sword Boomerang","floor":8},{"not_picked":["Juggernaut","Barricade"],"picked":"Shrug It Off","floor":11},{"not_picked":["Seeing Red","Iron Wave"],"picked":"Twin Strike","floor":13},{"not_picked":["Demon Form","Juggernaut"],"picked":"Offering","floor":16},{"not_picked":["Perfected Strike","Havoc","Carnage"],"picked":"SKIP","floor":18},{"not_picked":["Dark Embrace","Spot Weakness","Heavy Blade"],"picked":"SKIP","floor":19},{"not_picked":["Thunderclap","Inflame"],"picked":"Shrug It Off","floor":20},{"not_picked":["Flex","Perfected Strike+1"],"picked":"Pommel Strike","floor":21},{"not_picked":["Cleave+1","Exhume","Inflame+1"],"picked":"SKIP","floor":25},{"not_picked":["Cleave+1","Twin Strike+1"],"picked":"Dark Embrace+1","floor":28},{"not_picked":["Clash+1","Metallicize+1"],"picked":"Flame Barrier","floor":30},{"not_picked":["Brutality+1","Limit Break"],"picked":"Fiend Fire+1","floor":33},{"not_picked":["Cleave+1","Iron Wave+1"],"picked":"Pommel Strike+1","floor":35},{"not_picked":["Clothesline+1","Perfected Strike+1","Thunderclap+1"],"picked":"SKIP","floor":36},{"not_picked":["Sword Boomerang+1","Clothesline+1"],"picked":"Reaper+1","floor":41},{"not_picked":["Sever Soul+1","Iron Wave+1","Headbutt+1"],"picked":"SKIP","floor":44},{"not_picked":["Searing Blow+1","Clash+1","Uppercut+1"],"picked":"SKIP","floor":45},{"not_picked":["Carnage+1","Clothesline+1","Hemokinesis+1"],"picked":"SKIP","floor":46},{"not_picked":["Iron Wave+1","Armaments"],"picked":"Pommel Strike+1","floor":47},{"not_picked":["Havoc+1","Flex+1"],"picked":"Sword Boomerang+1","floor":48}],"player_experience":1717994,"relics_obtained":[{"floor":7,"key":"Juzu Bracelet"},{"floor":9,"key":"Self Forming Clay"},{"floor":13,"key":"MealTicket"},{"floor":24,"key":"Ginger"},{"floor":25,"key":"Frozen Egg 2"},{"floor":26,"key":"Molten Egg 2"},{"floor":27,"key":"Lantern"},{"floor":30,"key":"Blood Vial"},{"floor":38,"key":"StoneCalendar"},{"floor":41,"key":"Oddly Smooth Stone"},{"floor":44,"key":"Turnip"},{"floor":48,"key":"Unceasing Top"}],"event_choices":[{"damage_healed":0,"gold_gain":150,"player_choice":"AGREE","damage_taken":0,"max_hp_gain":0,"max_hp_loss":0,"event_name":"Liars Game","floor":3,"gold_loss":0,"cards_obtained":["Doubt"]},{"damage_healed":0,"gold_gain":0,"player_choice":"Gave Potion","damage_taken":0,"relics_obtained":["StrikeDummy"],"max_hp_gain":0,"max_hp_loss":0,"event_name":"WeMeetAgain","floor":5,"gold_loss":0},{"cards_removed":["Doubt"],"damage_healed":0,"gold_gain":0,"player_choice":"Card Removal","damage_taken":7,"max_hp_gain":0,"max_hp_loss":0,"event_name":"Golden Wing","floor":10,"gold_loss":0},{"damage_healed":0,"gold_gain":50,"player_choice":"Pray","damage_taken":0,"max_hp_gain":0,"max_hp_loss":0,"event_name":"Golden Shrine","floor":14,"gold_loss":0},{"damage_healed":0,"gold_gain":0,"player_choice":"Ignored","damage_taken":0,"max_hp_gain":0,"max_hp_loss":0,"event_name":"The Mausoleum","floor":31,"gold_loss":0},{"damage_healed":0,"gold_gain":0,"player_choice":"Ignored","damage_taken":0,"max_hp_gain":0,"max_hp_loss":0,"event_name":"Tomb of Lord Red Mask","floor":37,"gold_loss":0},{"damage_healed":0,"gold_gain":0,"player_choice":"Fight","damage_taken":0,"max_hp_gain":0,"max_hp_loss":0,"event_name":"MindBloom","floor":38,"gold_loss":0},{"cards_removed":["Dramatic Entrance"],"damage_healed":0,"gold_gain":0,"player_choice":"Removed Attack","damage_taken":0,"max_hp_gain":0,"max_hp_loss":0,"event_name":"Falling","floor":39,"gold_loss":0}],"is_beta":false,"boss_relics":[{"not_picked":["Black Blood","SacredBark"],"picked":"Coffee Dripper"},{"not_picked":["Runic Cube","Runic Dome"],"picked":"Philosopher\u0027s Stone"}],"items_purged_floors":[22],"is_endless":false,"potions_floor_spawned":[2,11,16,21,25,30,33,35,38,46,47,48],"killed_by":"Awakened One","ascension_level":20}