{"gold_per_floor":[111,121,167,184,184,219,234,234],"floor_reached":8,"playtime":461,"items_purged":[],"score":116,"play_id":"1680e01c-7635-497b-8a73-ab59d0c023e7","local_time":"20210921174607","is_ascension_mode":true,"campfire_choices":[],"neow_cost":"NONE","seed_source_timestamp":3960726426316700,"circlet_count":0,"master_deck":["AscendersBane","Strike_R","Strike_R","Strike_R","Strike_R+1","Strike_R","Defend_R","Defend_R","Defend_R+1","Defend_R","Bash","Cleave","Anger","Flame Barrier","Metallicize"],"relics":["Burning Blood","Nunchaku","Eternal Feather"],"potions_floor_usage":[1,4,6,8],"damage_taken":[{"damage":2,"enemies":"Cultist","floor":1,"turns":4},{"damage":2,"enemies":"2 Louse","floor":2,"turns":2},{"damage":7,"enemies":"Jaw Worm","floor":4,"turns":3},{"damage":17,"enemies":"3 Sentries","floor":6,"turns":8},{"damage":7,"enemies":"Lots of Slimes","floor":7,"turns":4},{"damage":23,"enemies":"Lagavulin","floor":8,"turns":5}],"seed_played":"-470733299406439083","potions_obtained":[{"floor":0,"key":"Fire Potion"},{"floor":0,"key":"HeartOfIron"},{"floor":1,"key":"BlessingOfTheForge"},{"floor":7,"key":"DistilledChaos"}],"is_trial":false,"path_per_floor":["M","M","T","M","?","E","M","E"],"character_chosen":"IRONCLAD","items_purchased":[],"campfire_rested":0,"item_purchase_floors":[],"current_hp_per_floor":[72,75,75,74,51,40,39,16],"gold":234,"neow_bonus":"THREE_SMALL_POTIONS","is_prod":false,"is_daily":false,"chose_seed":false,"campfire_upgraded":0,"win_rate":0,"timestamp":1632264367,"path_taken":["M","?","?","M","?","E","M","E"],"build_version":"2020-12-22","purchased_purges":0,"victory":false,"max_hp_per_floor":[75,75,75,75,75,75,75,75],"card_choices":[{"not_picked":["Warcry","Pommel Strike"],"picked":"Cleave","floor":1},{"not_picked":["Thunderclap","Seeing Red"],"picked":"Anger","floor":2},{"not_picked":["Cleave","Sword Boomerang","Warcry"],"picked":"SKIP","floor":4},{"not_picked":["Rage","Burning Pact"],"picked":"Flame Barrier","floor":6},{"not_picked":["Anger","Seeing Red"],"picked":"Metallicize","floor":7}],"player_experience":1676240,"relics_obtained":[{"floor":3,"key":"Nunchaku"},{"floor":6,"key":"Eternal Feather"}],"event_choices":[{"damage_healed":0,"gold_gain":0,"player_choice":"Entered Light","damage_taken":23,"max_hp_gain":0,"max_hp_loss":0,"event_name":"Shining Light","floor":5,"gold_loss":0,"cards_upgraded":["Strike_R","Defend_R"]}],"is_beta":false,"boss_relics":[],"items_purged_floors":[],"is_endless":false,"potions_floor_spawned":[1,7],"killed_by":"Lagavulin","ascension_level":20}