{"gold_per_floor":[119,138,151,151,163,163,188,188,268,295,309,68,93,109,109,180,180,190,190,10,10,10,10,38,53,53,53,106,131,141,161,161,234,234,245,255,255,265,276,302,302,327,378,411,431,14,14,32,32,32,32,32,32,32,66,66],"floor_reached":57,"playtime":3930,"items_purged":["Headbutt","Writhe"],"score":3354,"play_id":"b5993995-ac98-4244-b367-dcd67755b071","local_time":"20210922180440","is_ascension_mode":true,"campfire_choices":[{"data":"Whirlwind","floor":6.0,"key":"SMITH"},{"data":"Bash","floor":8.0,"key":"SMITH"},{"floor":15.0,"key":"REST"},{"data":"Fiend Fire","floor":23.0,"key":"SMITH"},{"data":"Master of Strategy","floor":32.0,"key":"SMITH"},{"data":"Shockwave","floor":41.0,"key":"SMITH"},{"data":"Battle Trance","floor":47.0,"key":"SMITH"},{"floor":49.0,"key":"RECALL"},{"data":"Ghostly","floor":53.0,"key":"SMITH"}],"neow_cost":"TEN_PERCENT_HP_LOSS","seed_source_timestamp":4044199205848000,"circlet_count":0,"master_deck":["AscendersBane","Strike_R","Strike_R","Strike_R","Strike_R","Defend_R","Defend_R","Defend_R","Defend_R","Bash+1","Spot Weakness+1","Whirlwind+1","Iron Wave","Shrug It Off","Infernal Blade","True Grit","Battle Trance+1","Limit Break","Shockwave+1","Fiend Fire+1","Shrug It Off","Master of Strategy+1","Ghostly+1","Ghostly+1","Ghostly","Corruption","Shrug It Off","Havoc+1","Shrug It Off","Feed","Disarm","Impervious","Flame Barrier","True Grit+1","Barricade","Body Slam","Havoc+1"],"special_seed":0,"relics":["Burning Blood","Charon\u0027s Ashes","StrikeDummy","Potion Belt","Question Card","Mark of Pain","Nilry\u0027s Codex","Mango","White Beast Statue","Bottled Lightning","War Paint","Pantograph","Runic Pyramid","Gremlin Horn","Lantern","Boot","Dead Branch","Red Skull"],"potions_floor_usage":[56,56,56],"damage_taken":[{"damage":0.0,"enemies":"Cultist","floor":1.0,"turns":3.0},{"damage":7.0,"enemies":"Jaw Worm","floor":2.0,"turns":3.0},{"damage":7.0,"enemies":"Small Slimes","floor":3.0,"turns":3.0},{"damage":21.0,"enemies":"Exordium Thugs","floor":5.0,"turns":4.0},{"damage":20.0,"enemies":"3 Sentries","floor":7.0,"turns":3.0},{"damage":22.0,"enemies":"Gremlin Nob","floor":10.0,"turns":4.0},{"damage":0.0,"enemies":"2 Fungi Beasts","floor":11.0,"turns":2.0},{"damage":30.0,"enemies":"Lagavulin","floor":13.0,"turns":6.0},{"damage":3.0,"enemies":"Blue Slaver","floor":14.0,"turns":2.0},{"damage":20.0,"enemies":"Hexaghost","floor":16.0,"turns":9.0},{"damage":0.0,"enemies":"Chosen","floor":18.0,"turns":3.0},{"damage":8.0,"enemies":"Slavers","floor":24.0,"turns":4.0},{"damage":0.0,"enemies":"Spheric Guardian","floor":25.0,"turns":2.0},{"damage":6.0,"enemies":"Gremlin Leader","floor":29.0,"turns":5.0},{"damage":0.0,"enemies":"Chosen and Byrds","floor":30.0,"turns":3.0},{"damage":0.0,"enemies":"3 Cultists","floor":31.0,"turns":2.0},{"damage":1.0,"enemies":"Automaton","floor":33.0,"turns":6.0},{"damage":2.0,"enemies":"3 Shapes","floor":35.0,"turns":2.0},{"damage":3.0,"enemies":"3 Darklings","floor":36.0,"turns":6.0},{"damage":8.0,"enemies":"Jaw Worm Horde","floor":38.0,"turns":3.0},{"damage":11.0,"enemies":"4 Shapes","floor":39.0,"turns":4.0},{"damage":0.0,"enemies":"Giant Head","floor":40.0,"turns":7.0},{"damage":1.0,"enemies":"Reptomancer","floor":42.0,"turns":3.0},{"damage":0.0,"enemies":"Nemesis","floor":44.0,"turns":9.0},{"damage":3.0,"enemies":"Transient","floor":45.0,"turns":6.0},{"damage":2.0,"enemies":"Jaw Worm Horde","floor":48.0,"turns":3.0},{"damage":6.0,"enemies":"Time Eater","floor":50.0,"turns":7.0},{"damage":4.0,"enemies":"Donu and Deca","floor":51.0,"turns":2.0},{"damage":10.0,"enemies":"Shield and Spear","floor":55.0,"turns":5.0},{"damage":22,"enemies":"The Heart","floor":56,"turns":7}],"seed_played":"-2911714608213470022","potions_obtained":[{"floor":7.0,"key":"HeartOfIron"},{"floor":10.0,"key":"PowerPotion"},{"floor":11.0,"key":"BloodPotion"},{"floor":13.0,"key":"SteroidPotion"},{"floor":14.0,"key":"ElixirPotion"},{"floor":16.0,"key":"Weak Potion"},{"floor":18.0,"key":"EssenceOfSteel"},{"floor":24.0,"key":"SkillPotion"},{"floor":25.0,"key":"BlessingOfTheForge"},{"floor":29.0,"key":"Dexterity Potion"},{"floor":30.0,"key":"LiquidMemories"},{"floor":33.0,"key":"BlessingOfTheForge"},{"floor":35.0,"key":"Weak Potion"},{"floor":36.0,"key":"Swift Potion"},{"floor":38.0,"key":"CultistPotion"},{"floor":48.0,"key":"CultistPotion"}],"is_trial":false,"path_per_floor":["M","M","M","?","M","R","E","R","T","E","M","$","E","M","R","B",null,"M","?","$","?","?","R","E","M","T","$","T","E","M","M","R","B",null,"M","M","?","M","M","E","R","E","T","E","M","$","R","M","R","B","B",null,"R","$","E","B",null],"character_chosen":"IRONCLAD","items_purchased":["Battle Trance","Limit Break","Master of Strategy","Dead Branch"],"campfire_rested":1,"item_purchase_floors":[12,12,20,46],"current_hp_per_floor":[68,67,66,59,44,44,30,30,30,14,20,20,9,12,32,18,56,62,41,41,34,48,48,46,48,48,48,48,48,48,48,48,48,48,51,55,55,53,51,60,60,64,64,67,67,67,67,67,67,71,71,71,71,71,67,55],"gold":66,"neow_bonus":"RANDOM_COLORLESS_2","is_prod":false,"is_daily":false,"chose_seed":false,"campfire_upgraded":7,"win_rate":0,"timestamp":1632351880,"path_taken":["M","?","M","?","M","R","E","R","T","E","M","$","E","M","R","BOSS","M","?","$","?","?","R","E","M","T","$","?","E","M","M","R","BOSS","M","M","?","M","M","E","R","E","T","E","M","$","R","M","R","BOSS","BOSS","R","$","E","BOSS"],"build_version":"2020-12-22","purchased_purges":2,"victory":true,"max_hp_per_floor":[68,68,68,68,68,68,68,68,68,68,68,68,68,68,68,68,68,68,68,68,34,48,48,48,48,48,48,48,48,48,48,48,48,48,51,55,55,55,58,61,61,64,64,67,67,67,67,67,67,71,71,71,71,71,71,71],"card_choices":[{"not_picked":["Master of Strategy","Transmutation"],"picked":"The Bomb","floor":0.0},{"not_picked":["Sword Boomerang","Havoc"],"picked":"Headbutt","floor":1.0},{"not_picked":["Fire Breathing","Iron Wave"],"picked":"Spot Weakness","floor":2.0},{"not_picked":["Flex","Dropkick"],"picked":"Whirlwind","floor":3.0},{"not_picked":["Spot Weakness","Fire Breathing"],"picked":"Iron Wave","floor":5.0},{"not_picked":["Rupture","Dropkick"],"picked":"Shrug It Off","floor":7.0},{"not_picked":["Immolate","Bloodletting"],"picked":"Infernal Blade","floor":10.0},{"not_picked":["Armaments","Twin Strike"],"picked":"True Grit","floor":11.0},{"not_picked":["Intimidate","Second Wind"],"picked":"Shockwave","floor":13.0},{"not_picked":["Reckless Charge","Clash","Body Slam","Sword Boomerang"],"picked":"SKIP","floor":14.0},{"not_picked":["Corruption","Demon Form","Berserk"],"picked":"Fiend Fire","floor":16.0},{"not_picked":["Dropkick","Uppercut","Heavy Blade"],"picked":"Shrug It Off","floor":18.0},{"not_picked":["Wild Strike","Second Wind","Headbutt"],"picked":"Corruption","floor":24.0},{"not_picked":["Body Slam","Dual Wield","Anger"],"picked":"Shrug It Off","floor":25.0},{"not_picked":["Clothesline","Anger","Intimidate","Immolate"],"picked":"SKIP","floor":29.0},{"not_picked":["Cleave","Reckless Charge","Armaments"],"picked":"Havoc+1","floor":30.0},{"not_picked":["Evolve","Heavy Blade+1","Twin Strike"],"picked":"Shrug It Off","floor":31.0},{"not_picked":["Exhume","Fiend Fire","Reaper"],"picked":"Feed","floor":33.0},{"not_picked":["Clothesline+1","Wild Strike","Pommel Strike"],"picked":"Disarm","floor":35.0},{"not_picked":["Rupture","Havoc+1","Carnage"],"picked":"Impervious","floor":36.0},{"not_picked":["Sword Boomerang+1","Perfected Strike","Infernal Blade"],"picked":"Flame Barrier","floor":38.0},{"not_picked":["Anger","Clothesline","Armaments"],"picked":"True Grit+1","floor":39.0},{"not_picked":["Metallicize","Warcry","Iron Wave","Limit Break"],"picked":"SKIP","floor":40.0},{"not_picked":["Havoc+1","Heavy Blade+1","Warcry+1"],"picked":"Barricade","floor":42.0},{"not_picked":["Iron Wave","Whirlwind","Wild Strike","Body Slam"],"picked":"SKIP","floor":44.0},{"not_picked":["Iron Wave","Whirlwind","Wild Strike"],"picked":"Body Slam","floor":44.0},{"not_picked":["Rampage","Berserk","Inflame+1","Thunderclap"],"picked":"SKIP","floor":45.0},{"not_picked":["Disarm+1","Iron Wave","Headbutt+1"],"picked":"Havoc+1","floor":48.0},{"not_picked":["Clash+1","Wild Strike+1","Juggernaut","Rage"],"picked":"SKIP","floor":55.0}],"player_experience":1683969,"relics_obtained":[{"floor":7.0,"key":"Charon\u0027s Ashes"},{"floor":9.0,"key":"StrikeDummy"},{"floor":10.0,"key":"Potion Belt"},{"floor":13.0,"key":"Question Card"},{"floor":19.0,"key":"Nilry\u0027s Codex"},{"floor":24.0,"key":"White Beast Statue"},{"floor":26.0,"key":"Bottled Lightning"},{"floor":28.0,"key":"War Paint"},{"floor":29.0,"key":"Pantograph"},{"floor":40.0,"key":"Gremlin Horn"},{"floor":42.0,"key":"Lantern"},{"floor":44.0,"key":"Boot"},{"floor":55.0,"key":"Red Skull"}],"event_choices":[{"cards_removed":["Strike_R"],"damage_healed":0.0,"max_hp_gain":0.0,"max_hp_loss":0.0,"gold_gain":0.0,"event_name":"Golden Wing","player_choice":"Card Removal","floor":4.0,"gold_loss":0.0,"damage_taken":7.0},{"damage_healed":0.0,"max_hp_gain":0.0,"max_hp_loss":0.0,"gold_gain":0.0,"event_name":"Cursed Tome","player_choice":"Obtained Book","floor":19.0,"gold_loss":0.0,"damage_taken":21.0},{"damage_healed":0.0,"max_hp_gain":0.0,"max_hp_loss":34.0,"gold_gain":0.0,"event_name":"Ghosts","player_choice":"Became a Ghost","floor":21.0,"gold_loss":0.0,"damage_taken":0.0,"cards_obtained":["Ghostly","Ghostly","Ghostly"]},{"damage_healed":0.0,"max_hp_gain":0.0,"max_hp_loss":0.0,"gold_gain":0.0,"event_name":"The Mausoleum","player_choice":"Opened","floor":22.0,"gold_loss":0.0,"damage_taken":0.0,"relics_obtained":["Mango"],"cards_obtained":["Writhe"]},{"cards_removed":["The Bomb"],"damage_healed":0.0,"max_hp_gain":0.0,"max_hp_loss":0.0,"gold_gain":0.0,"event_name":"Falling","player_choice":"Removed Skill","floor":37.0,"gold_loss":0.0,"damage_taken":0.0}],"is_beta":false,"boss_relics":[{"not_picked":["Tiny House","SlaversCollar"],"picked":"Mark of Pain"},{"not_picked":["Fusion Hammer","Philosopher\u0027s Stone"],"picked":"Runic Pyramid"}],"items_purged_floors":[12,46],"is_endless":false,"potions_floor_spawned":[7,10,11,13,14,16,18,24,25,29,30,31,33,35,36,38,39,40,42,44,45,48,55],"ascension_level":20}