{"gold_per_floor":[114,114,129,139,156,156,171,202,274,274,274],"floor_reached":11,"playtime":659,"items_purged":[],"score":150,"play_id":"a0733f8e-a556-418d-8ab9-0b92395ffc72","local_time":"20210925040348","is_ascension_mode":true,"campfire_choices":[{"data":"Uppercut","floor":6,"key":"SMITH"},{"data":"Corruption","floor":10,"key":"SMITH"}],"neow_cost":"NONE","seed_source_timestamp":4256789591572200,"circlet_count":0,"master_deck":["AscendersBane","Strike_R","Strike_R","Strike_R","Strike_R","Strike_R","Defend_R","Defend_R","Defend_R","Defend_R","Bash+1","Shrug It Off","Uppercut+1","Shrug It Off","Headbutt","Impervious","Corruption+1"],"relics":["Burning Blood","SsserpentHead","Nunchaku","Self Forming Clay"],"potions_floor_usage":[8,11],"damage_taken":[{"damage":7,"enemies":"Jaw Worm","floor":1,"turns":3},{"damage":7,"enemies":"Cultist","floor":3,"turns":4},{"damage":1,"enemies":"2 Louse","floor":4,"turns":3},{"damage":11,"enemies":"Exordium Wildlife","floor":5,"turns":4},{"damage":21,"enemies":"Large Slime","floor":7,"turns":11},{"damage":26,"enemies":"Gremlin Nob","floor":8,"turns":4},{"damage":26,"enemies":"3 Sentries","floor":11,"turns":8}],"seed_played":"626349095995498480","potions_obtained":[{"floor":3,"key":"LiquidMemories"},{"floor":8,"key":"EssenceOfSteel"}],"is_trial":false,"path_per_floor":["M","?","M","M","M","R","M","E","T","R","E"],"character_chosen":"IRONCLAD","items_purchased":[],"campfire_rested":0,"item_purchase_floors":[],"current_hp_per_floor":[67,67,66,71,66,66,51,31,31,31,5],"gold":274,"neow_bonus":"UPGRADE_CARD","is_prod":false,"is_daily":false,"chose_seed":false,"campfire_upgraded":2,"win_rate":0,"timestamp":1632560628,"path_taken":["M","?","M","M","M","R","M","E","T","R","E"],"build_version":"2020-12-22","purchased_purges":0,"victory":false,"max_hp_per_floor":[75,75,75,75,75,75,75,75,75,75,75],"card_choices":[{"not_picked":["Body Slam","Armaments"],"picked":"Shrug It Off","floor":1},{"not_picked":["Evolve","Reckless Charge"],"picked":"Uppercut","floor":3},{"not_picked":["Thunderclap","Body Slam"],"picked":"Shrug It Off","floor":4},{"not_picked":["Flex","Thunderclap"],"picked":"Headbutt","floor":5},{"not_picked":["Twin Strike","Wild Strike"],"picked":"Impervious","floor":7},{"not_picked":["Battle Trance","Sword Boomerang"],"picked":"Corruption","floor":8}],"player_experience":1694778,"relics_obtained":[{"floor":8,"key":"Nunchaku"},{"floor":9,"key":"Self Forming Clay"}],"event_choices":[{"damage_healed":0,"gold_gain":0,"player_choice":"Trade","damage_taken":0,"relics_obtained":["SsserpentHead"],"max_hp_gain":0,"max_hp_loss":0,"event_name":"FaceTrader","floor":2,"gold_loss":0}],"is_beta":false,"boss_relics":[],"items_purged_floors":[],"is_endless":false,"potions_floor_spawned":[3,8],"killed_by":"3 Sentries","ascension_level":20}