{"gold_per_floor":[368,368,379,33,50,50,75,75,75,93,131,148,172,197,197,282,282,303,312,312,50,72,106,115,139,139,139,183,56,65,102,102,188,188,211,80,100,117,37,68,87,121,121,146,18,27,40,40,49,49,49,49,49,21,21],"floor_reached":55,"playtime":2623,"items_purged":["Writhe","Strike_R"],"score":1994,"play_id":"bd6ed205-e969-46bf-937a-f1cbdadd2c75","local_time":"20211002224639","is_ascension_mode":true,"campfire_choices":[{"data":"Shockwave","floor":6.0,"key":"SMITH"},{"data":"Spot Weakness","floor":8.0,"key":"SMITH"},{"data":"Metallicize","floor":15.0,"key":"SMITH"},{"floor":24.0,"key":"REST"},{"floor":30.0,"key":"REST"},{"floor":32.0,"key":"RECALL"},{"floor":49,"key":"REST"},{"floor":53,"key":"REST"}],"neow_cost":"TEN_PERCENT_HP_LOSS","seed_source_timestamp":4927149815348600,"circlet_count":0,"master_deck":["AscendersBane","Strike_R","Strike_R","Strike_R","Strike_R","Defend_R","Defend_R","Defend_R","Defend_R","Bash+1","Anger","Shockwave+1","Spot Weakness+1","Shrug It Off","Shrug It Off","Cleave+1","Metallicize+1","Uppercut+1","Bludgeon+1","Pommel Strike+1","Wild Strike+1","Wild Strike+1","Power Through","Pommel Strike+1","Battle Trance+1","Shrug It Off","Iron Wave+1","Barricade","Immolate+1","Double Tap","Demon Form","Sword Boomerang+1","Limit Break","Sword Boomerang+1","Clothesline+1","Fiend Fire+1","Violence","Flame Barrier"],"special_seed":0,"relics":["Burning Blood","Membership Card","Molten Egg 2","Paper Frog","Torii","CeramicFish","Fusion Hammer","Letter Opener","Enchiridion","Mummified Hand","ClockworkSouvenir","Dream Catcher","Meat on the Bone","Bag of Preparation","Anchor","Orrery","Bottled Flame","Velvet Choker","HornCleat","OrangePellets","Boot","Sundial"],"potions_floor_usage":[50],"damage_taken":[{"damage":5.0,"enemies":"Small Slimes","floor":1.0,"turns":3.0},{"damage":1.0,"enemies":"Cultist","floor":3.0,"turns":3.0},{"damage":1.0,"enemies":"2 Louse","floor":5.0,"turns":3.0},{"damage":34.0,"enemies":"Gremlin Nob","floor":7.0,"turns":4.0},{"damage":1.0,"enemies":"Looter","floor":10.0,"turns":2.0},{"damage":22.0,"enemies":"3 Sentries","floor":11.0,"turns":6.0},{"damage":1.0,"enemies":"3 Louse","floor":12.0,"turns":3.0},{"damage":0.0,"enemies":"Large Slime","floor":13.0,"turns":4.0},{"damage":5.0,"enemies":"Lots of Slimes","floor":14.0,"turns":3.0},{"damage":7.0,"enemies":"The Guardian","floor":16.0,"turns":10.0},{"damage":17.0,"enemies":"2 Thieves","floor":18.0,"turns":3.0},{"damage":0.0,"enemies":"Spheric Guardian","floor":22.0,"turns":3.0},{"damage":4.0,"enemies":"Slavers","floor":23.0,"turns":3.0},{"damage":9.0,"enemies":"Chosen and Byrds","floor":25.0,"turns":4.0},{"damage":13.0,"enemies":"Book of Stabbing","floor":28.0,"turns":3.0},{"damage":1.0,"enemies":"Slavers","floor":31.0,"turns":2.0},{"damage":2.0,"enemies":"Collector","floor":33.0,"turns":9.0},{"damage":0.0,"enemies":"3 Darklings","floor":35.0,"turns":4.0},{"damage":0.0,"enemies":"Orb Walker","floor":37.0,"turns":1.0},{"damage":1.0,"enemies":"Writhing Mass","floor":38.0,"turns":3.0},{"damage":30.0,"enemies":"Giant Head","floor":40.0,"turns":6.0},{"damage":0.0,"enemies":"Maw","floor":41.0,"turns":5.0},{"damage":33,"enemies":"Reptomancer","floor":42,"turns":4},{"damage":0,"enemies":"Transient","floor":44,"turns":6},{"damage":0,"enemies":"Sphere and 2 Shapes","floor":47,"turns":3},{"damage":55,"enemies":"Time Eater","floor":50,"turns":7},{"damage":11,"enemies":"Donu and Deca","floor":51,"turns":5},{"damage":78,"enemies":"Shield and Spear","floor":55,"turns":5}],"seed_played":"-6939642708116950601","potions_obtained":[{"floor":3.0,"key":"SteroidPotion"},{"floor":10.0,"key":"PowerPotion"},{"floor":13.0,"key":"BloodPotion"},{"floor":14.0,"key":"LiquidBronze"},{"floor":22.0,"key":"Energy Potion"},{"floor":23.0,"key":"LiquidBronze"},{"floor":33.0,"key":"FearPotion"},{"floor":40.0,"key":"DuplicationPotion"}],"is_trial":false,"path_per_floor":["M","?","M","$","M","R","E","R","T","M","E","M","M","M","R","B",null,"M","?","?","$","M","E","R","M","T","?","E","$","R","E","R","B",null,"M","$","M","M","$","E","M","E","T","M","$","?","M","?","R","B","B",null,"R","$","E"],"character_chosen":"IRONCLAD","items_purchased":["Membership Card","Molten Egg 2","Spot Weakness","Mummified Hand","ClockworkSouvenir","Anchor","Orrery","HornCleat","OrangePellets","Fiend Fire+1","PowerPotion"],"campfire_rested":4,"item_purchase_floors":[4,4,4,21,21,29,29,36,39,45,54],"current_hp_per_floor":[68,68,68,68,68,68,40,40,40,45,29,34,40,54,54,53,64,53,53,32,32,38,40,60,57,57,38,43,43,64,69,69,73,73,73,73,73,73,73,49,55,40,40,46,46,36,54,54,69,32,39,62,69,69,0],"gold":21,"neow_bonus":"TWO_FIFTY_GOLD","is_prod":false,"is_daily":false,"chose_seed":false,"campfire_upgraded":3,"win_rate":0,"timestamp":1633232799,"path_taken":["M","?","M","$","M","R","E","R","T","M","E","M","M","M","R","BOSS","M","?","?","$","M","E","R","M","T","?","E","$","R","E","R","BOSS","M","$","M","M","$","E","M","E","T","M","$","?","M","?","R","BOSS","BOSS","R","$","E"],"build_version":"2020-12-22","purchased_purges":2,"victory":false,"max_hp_per_floor":[68,68,68,68,68,68,68,68,68,68,68,68,68,68,68,68,68,68,68,68,68,68,68,68,68,68,73,73,73,73,73,73,73,73,73,73,73,73,73,73,73,73,73,73,73,73,73,69,69,69,69,69,69,69,69],"card_choices":[{"not_picked":["Thunderclap","Havoc"],"picked":"Anger","floor":1.0},{"not_picked":["Power Through","Anger"],"picked":"Shockwave","floor":3.0},{"not_picked":["Body Slam+1","Intimidate"],"picked":"Shrug It Off","floor":5.0},{"not_picked":["Bloodletting","Havoc"],"picked":"Shrug It Off","floor":7.0},{"not_picked":["Flex","Combust","Body Slam+1"],"picked":"SKIP","floor":10.0},{"not_picked":["Second Wind","Bloodletting"],"picked":"Cleave+1","floor":11.0},{"not_picked":["True Grit","Heavy Blade+1","Feel No Pain"],"picked":"SKIP","floor":12.0},{"not_picked":["Infernal Blade","Headbutt+1"],"picked":"Metallicize","floor":13.0},{"not_picked":["Fire Breathing","Twin Strike+1"],"picked":"Uppercut+1","floor":14.0},{"not_picked":["Exhume","Brutality"],"picked":"Bludgeon+1","floor":16.0},{"not_picked":["Thunderclap+1","Armaments+1"],"picked":"Pommel Strike+1","floor":18.0},{"not_picked":["Perfected Strike+1","Anger+1"],"picked":"Wild Strike+1","floor":22.0},{"not_picked":["Brutality","Rupture","Fire Breathing"],"picked":"SKIP","floor":23.0},{"not_picked":["Rupture","Twin Strike+1"],"picked":"Wild Strike+1","floor":24.0},{"not_picked":["Spot Weakness","Iron Wave+1"],"picked":"Power Through","floor":25.0},{"not_picked":["Ghostly Armor","Wild Strike+1"],"picked":"Pommel Strike+1","floor":28.0},{"not_picked":["Anger+1","Pommel Strike+1"],"picked":"Battle Trance+1","floor":29.0},{"not_picked":["True Grit","Body Slam+1"],"picked":"Shrug It Off","floor":29.0},{"not_picked":["Rupture","Inflame"],"picked":"Iron Wave+1","floor":29.0},{"not_picked":["Clothesline+1","Thunderclap+1"],"picked":"Barricade","floor":29.0},{"not_picked":["Rage","Body Slam+1"],"picked":"Immolate+1","floor":30.0},{"not_picked":["True Grit","Thunderclap+1"],"picked":"Double Tap","floor":31.0},{"not_picked":["Exhume","Feed+1"],"picked":"Demon Form","floor":33.0},{"not_picked":["Twin Strike+1","Wild Strike+1"],"picked":"Sword Boomerang+1","floor":35.0},{"not_picked":["Havoc","Thunderclap+1","Body Slam+1"],"picked":"SKIP","floor":37.0},{"not_picked":["Berserk","True Grit","Rampage+1"],"picked":"SKIP","floor":38.0},{"not_picked":["Havoc+1","Seeing Red","Thunderclap+1"],"picked":"SKIP","floor":40.0},{"not_picked":["Warcry","Pommel Strike+1"],"picked":"Limit Break","floor":41.0},{"not_picked":["Iron Wave+1","Anger+1"],"picked":"Sword Boomerang+1","floor":42},{"not_picked":["True Grit","Pummel+1"],"picked":"Clothesline+1","floor":44},{"not_picked":["Panacea","Sadistic Nature"],"picked":"Violence","floor":46},{"not_picked":["Hemokinesis+1","Armaments+1","Carnage+1"],"picked":"SKIP","floor":47},{"not_picked":["Perfected Strike+1","Havoc"],"picked":"Flame Barrier","floor":49}],"player_experience":1798087,"relics_obtained":[{"floor":7.0,"key":"Paper Frog"},{"floor":9.0,"key":"Torii"},{"floor":11.0,"key":"CeramicFish"},{"floor":20.0,"key":"Enchiridion"},{"floor":23.0,"key":"Dream Catcher"},{"floor":26.0,"key":"Meat on the Bone"},{"floor":28.0,"key":"Bag of Preparation"},{"floor":31.0,"key":"Bottled Flame"},{"floor":40.0,"key":"Boot"},{"floor":42,"key":"Sundial"}],"event_choices":[{"damage_healed":0.0,"max_hp_gain":0.0,"max_hp_loss":0.0,"gold_gain":0.0,"event_name":"Upgrade Shrine","player_choice":"Upgraded","floor":2.0,"gold_loss":0.0,"damage_taken":0.0,"cards_upgraded":["Bash"]},{"damage_healed":0.0,"max_hp_gain":0.0,"max_hp_loss":0.0,"gold_gain":0.0,"event_name":"The Mausoleum","player_choice":"Opened","floor":19.0,"gold_loss":0.0,"damage_taken":0.0,"relics_obtained":["Letter Opener"],"cards_obtained":["Writhe"]},{"damage_healed":0.0,"max_hp_gain":0.0,"max_hp_loss":0.0,"gold_gain":0.0,"event_name":"Cursed Tome","player_choice":"Obtained Book","floor":20.0,"gold_loss":0.0,"damage_taken":21.0},{"damage_healed":0.0,"max_hp_gain":5.0,"max_hp_loss":0.0,"gold_gain":0.0,"event_name":"Forgotten Altar","player_choice":"Shed Blood","floor":27.0,"gold_loss":0.0,"damage_taken":24.0},{"damage_healed":0,"gold_gain":0,"player_choice":"Memory 3","damage_taken":10,"max_hp_gain":0,"max_hp_loss":0,"event_name":"SensoryStone","floor":46,"gold_loss":0},{"damage_healed":0,"gold_gain":0,"player_choice":"Max HP","damage_taken":0,"max_hp_gain":0,"max_hp_loss":4,"event_name":"Winding Halls","floor":48,"gold_loss":0}],"is_beta":false,"boss_relics":[{"not_picked":["Black Star","Black Blood"],"picked":"Fusion Hammer"},{"not_picked":["Runic Dome","SacredBark"],"picked":"Velvet Choker"}],"items_purged_floors":[21,45],"is_endless":false,"potions_floor_spawned":[3,10,13,14,22,23,25,33,38,40],"killed_by":"Shield and Spear","ascension_level":20}