{"gold_per_floor":[10,10,10,28,44,88,88,421,421,446,466,505,525,564,564,564],"floor_reached":16,"playtime":829,"items_purged":[],"score":314,"play_id":"122d0b60-abad-4a09-89fd-cc38558a76c1","local_time":"20211114151130","is_ascension_mode":true,"campfire_choices":[{"data":"Immolate","floor":7.0,"key":"SMITH"},{"data":"Armaments","floor":15,"key":"SMITH"}],"neow_cost":"NO_GOLD","seed_source_timestamp":157749474703800,"circlet_count":0,"master_deck":["AscendersBane","Strike_R","Strike_R","Strike_R","Defend_R","Defend_R","Defend_R","Defend_R","Bash+1","Immolate+1","Havoc+1","Clothesline","Cleave","Battle Trance","Hemokinesis","Evolve","Reaper","Armaments+1","Power Through"],"special_seed":0,"relics":["Burning Blood","Golden Idol","Mango","Old Coin","Torii","Question Card","Oddly Smooth Stone"],"potions_floor_usage":[12,14],"damage_taken":[{"damage":0.0,"enemies":"2 Louse","floor":1.0,"turns":1.0},{"damage":2.0,"enemies":"Jaw Worm","floor":4.0,"turns":3.0},{"damage":0.0,"enemies":"Small Slimes","floor":5.0,"turns":1.0},{"damage":11.0,"enemies":"Gremlin Nob","floor":6.0,"turns":3.0},{"damage":29.0,"enemies":"Lagavulin","floor":8.0,"turns":5.0},{"damage":0.0,"enemies":"Exordium Thugs","floor":10.0,"turns":3.0},{"damage":1.0,"enemies":"3 Louse","floor":11.0,"turns":2.0},{"damage":36,"enemies":"Gremlin Nob","floor":12,"turns":4},{"damage":13,"enemies":"Large Slime","floor":13,"turns":4},{"damage":2,"enemies":"3 Sentries","floor":14,"turns":4},{"damage":31,"enemies":"Hexaghost","floor":16,"turns":9}],"seed_played":"5621930477640075078","potions_obtained":[{"floor":1.0,"key":"PowerPotion"},{"floor":5.0,"key":"Fruit Juice"},{"floor":10.0,"key":"SpeedPotion"},{"floor":12,"key":"HeartOfIron"}],"is_trial":false,"path_per_floor":["M","?","?","M","M","E","R","E","T","M","M","E","M","E","R","B"],"character_chosen":"IRONCLAD","items_purchased":[],"campfire_rested":0,"item_purchase_floors":[],"current_hp_per_floor":[74,48,25,29,35,44,44,21,21,32,49,19,18,30,30,0],"gold":564,"neow_bonus":"TRANSFORM_TWO_CARDS","is_prod":false,"is_daily":false,"chose_seed":false,"campfire_upgraded":2,"win_rate":0,"timestamp":1636924290,"path_taken":["M","?","?","M","M","E","R","E","T","M","M","E","M","E","R","BOSS"],"build_version":"2020-12-22","purchased_purges":0,"victory":false,"max_hp_per_floor":[75,75,75,75,75,89,89,89,89,94,94,94,94,94,94,94],"card_choices":[{"not_picked":["Seeing Red","Evolve"],"picked":"Clothesline","floor":1.0},{"not_picked":["Armaments","True Grit"],"picked":"Cleave","floor":4.0},{"not_picked":["Cleave","Twin Strike"],"picked":"Battle Trance","floor":5.0},{"not_picked":["Cleave","Whirlwind"],"picked":"Hemokinesis","floor":6.0},{"not_picked":["Fire Breathing","Thunderclap"],"picked":"Evolve","floor":8.0},{"not_picked":["Feel No Pain","Flex"],"picked":"Reaper","floor":10.0},{"not_picked":["Dropkick","Sword Boomerang"],"picked":"Armaments","floor":11.0},{"not_picked":["Brutality","Clothesline","Headbutt"],"picked":"SKIP","floor":12},{"not_picked":["Shrug It Off","Pommel Strike","Infernal Blade"],"picked":"Power Through","floor":13},{"not_picked":["Warcry","Perfected Strike","Iron Wave","Cleave"],"picked":"SKIP","floor":14}],"player_experience":2422783,"relics_obtained":[{"floor":6.0,"key":"Mango"},{"floor":8.0,"key":"Old Coin"},{"floor":9.0,"key":"Torii"},{"floor":12,"key":"Question Card"},{"floor":14,"key":"Oddly Smooth Stone"}],"event_choices":[{"damage_healed":0.0,"max_hp_gain":0.0,"max_hp_loss":0.0,"gold_gain":0.0,"event_name":"Golden Idol","player_choice":"Take Damage","floor":2.0,"gold_loss":0.0,"damage_taken":26.0,"relics_obtained":["Golden Idol"]},{"damage_healed":0.0,"max_hp_gain":0.0,"max_hp_loss":0.0,"gold_gain":0.0,"event_name":"Shining Light","player_choice":"Entered Light","floor":3.0,"gold_loss":0.0,"damage_taken":23.0,"cards_upgraded":["Havoc","Bash"]}],"is_beta":false,"boss_relics":[],"items_purged_floors":[],"is_endless":false,"potions_floor_spawned":[1,5,10,12],"killed_by":"Hexaghost","ascension_level":20}