{"gold_per_floor":[217,3,3,21,36,61,61,95,95,109,128,138,168,182,182,257,257,276,296,296,0,17,48,48,48],"floor_reached":25,"playtime":2104,"items_purged":[],"score":490,"play_id":"e176c2e8-5707-4142-a4bc-b721511082f2","local_time":"20211112200325","is_ascension_mode":true,"campfire_choices":[{"data":"Shockwave","floor":7,"key":"SMITH"},{"data":"Armaments","floor":15,"key":"SMITH"}],"neow_cost":"NONE","seed_source_timestamp":1295339121200,"circlet_count":0,"master_deck":["AscendersBane","Strike_R","Strike_R","Strike_R","Strike_R","Strike_R","Defend_R","Defend_R","Defend_R","Defend_R","Bash","Shockwave+1","Pummel","Battle Trance","Iron Wave","Twin Strike","Armaments+1","Whirlwind","Shrug It Off","Flame Barrier","Corruption","Flex+1","Armaments+1","Feel No Pain","Shrug It Off","Shrug It Off","Body Slam"],"relics":["Burning Blood","Sling","Ancient Tea Set","Pantograph","White Beast Statue","Nunchaku","Coffee Dripper","Potion Belt","Sundial"],"potions_floor_usage":[10,12,13,14,16,16,19,22,23,25],"damage_taken":[{"damage":4,"enemies":"2 Louse","floor":1,"turns":5},{"damage":4,"enemies":"Cultist","floor":4,"turns":3},{"damage":6,"enemies":"Jaw Worm","floor":5,"turns":5},{"damage":8,"enemies":"Gremlin Nob","floor":6,"turns":3},{"damage":5,"enemies":"Lagavulin","floor":8,"turns":5},{"damage":1,"enemies":"Blue Slaver","floor":10,"turns":4},{"damage":5,"enemies":"Red Slaver","floor":11,"turns":4},{"damage":11,"enemies":"Looter","floor":12,"turns":2},{"damage":8,"enemies":"Gremlin Nob","floor":13,"turns":3},{"damage":22,"enemies":"Exordium Thugs","floor":14,"turns":4},{"damage":60,"enemies":"Hexaghost","floor":16,"turns":12},{"damage":17,"enemies":"Shell Parasite","floor":18,"turns":5},{"damage":14,"enemies":"2 Thieves","floor":19,"turns":4},{"damage":19,"enemies":"3 Cultists","floor":22,"turns":5},{"damage":15,"enemies":"Gremlin Leader","floor":23,"turns":7},{"damage":9,"enemies":"Book of Stabbing","floor":25,"turns":2}],"seed_played":"-5291906184619828092","potions_obtained":[{"floor":5,"key":"LiquidBronze"},{"floor":6,"key":"Fruit Juice"},{"floor":10,"key":"SkillPotion"},{"floor":11,"key":"FearPotion"},{"floor":12,"key":"Swift Potion"},{"floor":13,"key":"AttackPotion"},{"floor":14,"key":"ColorlessPotion"},{"floor":16,"key":"FearPotion"},{"floor":18,"key":"Block Potion"},{"floor":19,"key":"DistilledChaos"},{"floor":22,"key":"Fire Potion"},{"floor":23,"key":"AttackPotion"}],"is_trial":false,"path_per_floor":["M","$","?","M","M","E","R","E","T","M","M","M","E","M","R","B",null,"M","M","?","$","M","E","$","E"],"character_chosen":"IRONCLAD","items_purchased":["Sling","Pummel","Feel No Pain","Shrug It Off","Potion Belt"],"campfire_rested":0,"item_purchase_floors":[2,2,21,21,21],"current_hp_per_floor":[70,70,59,61,61,59,59,60,60,70,71,66,64,48,48,19,65,54,46,46,46,33,24,24,15],"gold":48,"neow_bonus":"HUNDRED_GOLD","is_prod":false,"is_daily":false,"chose_seed":false,"campfire_upgraded":2,"win_rate":0,"timestamp":1636769005,"path_taken":["M","$","?","M","M","E","R","E","T","M","M","M","E","M","R","BOSS","M","M","?","$","M","E","$","E"],"build_version":"2020-12-22","purchased_purges":0,"victory":false,"max_hp_per_floor":[75,75,75,75,75,75,75,75,75,80,80,80,80,80,80,80,80,80,80,80,80,80,80,80,80],"card_choices":[{"not_picked":["Thunderclap","Heavy Blade"],"picked":"Shockwave","floor":1},{"not_picked":["True Grit","Sentinel"],"picked":"Battle Trance","floor":4},{"not_picked":["Body Slam","Perfected Strike"],"picked":"Iron Wave","floor":5},{"not_picked":["Rage","Feel No Pain"],"picked":"Twin Strike","floor":6},{"not_picked":["Inflame","Searing Blow"],"picked":"Armaments","floor":8},{"not_picked":["Armaments","Thunderclap"],"picked":"Whirlwind","floor":10},{"not_picked":["Havoc","Uppercut","Hemokinesis"],"picked":"SKIP","floor":11},{"not_picked":["Perfected Strike","Sword Boomerang"],"picked":"Shrug It Off","floor":12},{"not_picked":["Iron Wave","Exhume"],"picked":"Flame Barrier","floor":13},{"not_picked":["Clothesline","Pummel","Uppercut"],"picked":"SKIP","floor":14},{"not_picked":["Barricade","Berserk"],"picked":"Corruption","floor":16},{"not_picked":["Perfected Strike","Havoc","Clash"],"picked":"SKIP","floor":18},{"not_picked":["Perfected Strike","Cleave"],"picked":"Flex+1","floor":19},{"not_picked":["Havoc","Pommel Strike+1"],"picked":"Shrug It Off","floor":22},{"not_picked":["Clash+1","Warcry"],"picked":"Body Slam","floor":23}],"player_experience":2408077,"relics_obtained":[{"floor":6,"key":"Ancient Tea Set"},{"floor":8,"key":"Pantograph"},{"floor":9,"key":"White Beast Statue"},{"floor":13,"key":"Nunchaku"},{"floor":23,"key":"Sundial"}],"event_choices":[{"damage_healed":0,"gold_gain":0,"player_choice":"Damaged","damage_taken":11,"max_hp_gain":0,"max_hp_loss":0,"event_name":"Wheel of Change","floor":3,"gold_loss":0},{"damage_healed":0,"gold_gain":0,"player_choice":"Copied","damage_taken":0,"max_hp_gain":0,"max_hp_loss":0,"event_name":"Duplicator","floor":20,"gold_loss":0,"cards_obtained":["Armaments"]}],"is_beta":false,"boss_relics":[{"not_picked":["Calling Bell","Busted Crown"],"picked":"Coffee Dripper"}],"items_purged_floors":[],"is_endless":false,"potions_floor_spawned":[5,6,10,11,12,13,14,16,18,19,22,23],"killed_by":"Book of Stabbing","ascension_level":20}