{"gold_per_floor":[212,226,301,316,316,349,364,364,364,395,412,412,63,83,83,83],"floor_reached":16,"playtime":761,"items_purged":["Strike_R"],"score":324,"play_id":"13e9544e-fb18-4b4f-8b6d-85d0decfeae0","local_time":"20211114134837","is_ascension_mode":true,"campfire_choices":[{"data":"Bash","floor":8,"key":"SMITH"},{"data":"Corruption","floor":12,"key":"SMITH"},{"data":"Spot Weakness","floor":15,"key":"SMITH"}],"neow_cost":"NONE","seed_source_timestamp":152925790526800,"circlet_count":0,"master_deck":["AscendersBane","Strike_R","Strike_R","Strike_R","Strike_R","Defend_R","Defend_R","Defend_R","Defend_R","Bash+1","Whirlwind+1","Anger","Rampage","Spot Weakness+1","Corruption+1","Shrug It Off","Shrug It Off"],"special_seed":0,"relics":["Burning Blood","Bag of Preparation","Potion Belt","Meat on the Bone","Pen Nib"],"potions_floor_usage":[6,14,16],"damage_taken":[{"damage":12.0,"enemies":"Cultist","floor":1.0,"turns":4.0},{"damage":14.0,"enemies":"Jaw Worm","floor":2.0,"turns":3.0},{"damage":4,"enemies":"Small Slimes","floor":4,"turns":3},{"damage":15,"enemies":"3 Sentries","floor":6,"turns":3},{"damage":12,"enemies":"Exordium Wildlife","floor":7,"turns":2},{"damage":25,"enemies":"Lagavulin","floor":10,"turns":5},{"damage":0,"enemies":"Gremlin Gang","floor":11,"turns":1},{"damage":0,"enemies":"Looter","floor":14,"turns":2}],"seed_played":"652869327425571575","potions_obtained":[{"floor":4,"key":"Energy Potion"},{"floor":6,"key":"ElixirPotion"},{"floor":7,"key":"Explosive Potion"}],"is_trial":false,"path_per_floor":["M","M","?","M","?","E","M","R","T","E","M","R","$","M","R","B"],"character_chosen":"IRONCLAD","items_purchased":["Shrug It Off","Pen Nib","PowerPotion"],"campfire_rested":0,"item_purchase_floors":[13,13,13],"current_hp_per_floor":[62,54,43,45,45,36,30,30,30,11,29,29,29,47,47,0],"gold":83,"neow_bonus":"HUNDRED_GOLD","is_prod":false,"is_daily":false,"chose_seed":false,"campfire_upgraded":3,"win_rate":0,"timestamp":1636919317,"path_taken":["M","M","?","M","?","E","M","R","T","E","?","R","$","M","R","BOSS"],"build_version":"2020-12-22","purchased_purges":1,"victory":false,"max_hp_per_floor":[75,75,75,75,75,75,75,75,75,75,75,75,75,75,75,75],"card_choices":[{"not_picked":["Havoc","Warcry"],"picked":"Whirlwind","floor":1.0},{"not_picked":["Warcry","Entrench"],"picked":"Anger","floor":2.0},{"not_picked":["Anger","Havoc"],"picked":"Rampage","floor":4},{"not_picked":["Heavy Blade","Armaments"],"picked":"Spot Weakness","floor":6},{"not_picked":["Wild Strike","Feel No Pain","Warcry"],"picked":"SKIP","floor":7},{"not_picked":["Whirlwind","Sentinel","Dark Embrace"],"picked":"SKIP","floor":10},{"not_picked":["Perfected Strike","Pommel Strike"],"picked":"Corruption","floor":11},{"not_picked":["Heavy Blade","Warcry"],"picked":"Shrug It Off","floor":14}],"player_experience":2420760,"relics_obtained":[{"floor":6,"key":"Bag of Preparation"},{"floor":9,"key":"Potion Belt"},{"floor":10,"key":"Meat on the Bone"}],"event_choices":[{"damage_healed":0.0,"max_hp_gain":0.0,"max_hp_loss":0.0,"gold_gain":75.0,"event_name":"World of Goop","player_choice":"Gather Gold","floor":3.0,"gold_loss":0.0,"damage_taken":11.0},{"damage_healed":0,"gold_gain":0,"player_choice":"Upgraded","damage_taken":0,"max_hp_gain":0,"max_hp_loss":0,"event_name":"Upgrade Shrine","floor":5,"gold_loss":0,"cards_upgraded":["Whirlwind"]}],"is_beta":false,"boss_relics":[],"items_purged_floors":[13],"is_endless":false,"potions_floor_spawned":[4,6,7],"killed_by":"The Guardian","ascension_level":20}