{"gold_per_floor":[113,113,38,53,53,87,104,104,104,132,132,149,75,109,109,185,185,200,125,140,140,159,159,159],"floor_reached":24,"playtime":1262,"items_purged":["Strike_R"],"score":453,"play_id":"6283aa20-e469-4cf7-b7b0-706cfbb54485","local_time":"20211114141106","is_ascension_mode":true,"campfire_choices":[{"data":"Feed","floor":11.0,"key":"SMITH"},{"data":"Carnage","floor":15.0,"key":"SMITH"},{"data":"Immolate","floor":23,"key":"SMITH"}],"neow_cost":"TEN_PERCENT_HP_LOSS","seed_source_timestamp":153777630734300,"circlet_count":0,"master_deck":["AscendersBane","Strike_R","Strike_R","Strike_R","Defend_R","Defend_R","Defend_R","Defend_R","Bash+1","Iron Wave","Cleave","Feed+1","Feel No Pain","Pommel Strike","Carnage+1","Inflame","Shrug It Off","Immolate+1","CurseOfTheBell","Shrug It Off+1","Corruption"],"special_seed":0,"relics":["Burning Blood","Mango","Mummified Hand","Oddly Smooth Stone","White Beast Statue","The Courier","Calling Bell","Lantern","Paper Frog","Lizard Tail"],"potions_floor_usage":[22,24],"damage_taken":[{"damage":7.0,"enemies":"Cultist","floor":1.0,"turns":4.0},{"damage":2.0,"enemies":"Jaw Worm","floor":4.0,"turns":3.0},{"damage":8.0,"enemies":"Gremlin Nob","floor":6.0,"turns":3.0},{"damage":12.0,"enemies":"Small Slimes","floor":7.0,"turns":2.0},{"damage":9.0,"enemies":"3 Sentries","floor":10.0,"turns":11.0},{"damage":15.0,"enemies":"Red Slaver","floor":12.0,"turns":5.0},{"damage":27.0,"enemies":"Gremlin Nob","floor":14.0,"turns":4.0},{"damage":13.0,"enemies":"The Guardian","floor":16.0,"turns":14.0},{"damage":51.0,"enemies":"Shell Parasite","floor":18.0,"turns":9.0},{"damage":18.0,"enemies":"2 Thieves","floor":20.0,"turns":3.0},{"damage":0,"enemies":"Snecko","floor":22,"turns":3},{"damage":38,"enemies":"Book of Stabbing","floor":24,"turns":5}],"seed_played":"4102624949983414608","potions_obtained":[{"floor":1.0,"key":"Fire Potion"},{"floor":4.0,"key":"HeartOfIron"},{"floor":12.0,"key":"PowerPotion"},{"floor":14.0,"key":"LiquidMemories"},{"floor":16.0,"key":"ColorlessPotion"},{"floor":18.0,"key":"AttackPotion"},{"floor":22,"key":"GamblersBrew"}],"is_trial":false,"path_per_floor":["M","?","$","M","?","E","M","?","T","E","R","M","$","E","R","B",null,"M","?","M","?","M","R","E"],"character_chosen":"IRONCLAD","items_purchased":["Inflame"],"campfire_rested":0,"item_purchase_floors":[13],"current_hp_per_floor":[81,81,81,82,87,85,82,82,82,82,82,77,77,56,56,53,89,48,48,40,40,46,46,8],"gold":159,"neow_bonus":"ONE_RARE_RELIC","is_prod":false,"is_daily":false,"chose_seed":false,"campfire_upgraded":3,"win_rate":0,"timestamp":1636920666,"path_taken":["M","?","$","M","?","E","M","?","T","E","R","M","$","E","R","BOSS","M","?","M","?","M","R","E"],"build_version":"2020-12-22","purchased_purges":1,"victory":false,"max_hp_per_floor":[82,82,82,82,87,87,90,90,90,93,93,97,97,97,97,101,101,105,105,109,109,109,109,109],"card_choices":[{"not_picked":["Clash","Searing Blow"],"picked":"Iron Wave","floor":1.0},{"not_picked":["Wild Strike","Anger"],"picked":"Cleave","floor":4.0},{"not_picked":["Reckless Charge","Sword Boomerang"],"picked":"Feed","floor":6.0},{"not_picked":["Rupture","Sword Boomerang"],"picked":"Feel No Pain","floor":7.0},{"not_picked":["Searing Blow","Second Wind"],"picked":"Pommel Strike","floor":10.0},{"not_picked":["Twin Strike","Hemokinesis"],"picked":"Carnage","floor":12.0},{"not_picked":["Intimidate","Fire Breathing"],"picked":"Shrug It Off","floor":14.0},{"not_picked":["Berserk","Juggernaut"],"picked":"Immolate","floor":16.0},{"not_picked":["Armaments","Clash","Anger"],"picked":"SKIP","floor":18.0},{"not_picked":["Anger","Rampage"],"picked":"Shrug It Off+1","floor":20.0},{"not_picked":["Wild Strike","Second Wind","Rupture"],"picked":"SKIP","floor":22}],"player_experience":2421521,"relics_obtained":[{"floor":6.0,"key":"Mummified Hand"},{"floor":9.0,"key":"Oddly Smooth Stone"},{"floor":10.0,"key":"White Beast Statue"},{"floor":14.0,"key":"The Courier"},{"floor":17.0,"key":"Lantern"},{"floor":17.0,"key":"Paper Frog"},{"floor":17.0,"key":"Lizard Tail"}],"event_choices":[{"damage_healed":0.0,"max_hp_gain":0.0,"max_hp_loss":0.0,"gold_gain":0.0,"event_name":"The Cleric","player_choice":"Leave","floor":2.0,"gold_loss":0.0,"damage_taken":0.0},{"damage_healed":0.0,"max_hp_gain":5.0,"max_hp_loss":0.0,"gold_gain":0.0,"event_name":"Big Fish","player_choice":"Donut","floor":5.0,"gold_loss":0.0,"damage_taken":0.0},{"damage_healed":0.0,"max_hp_gain":0.0,"max_hp_loss":0.0,"gold_gain":0.0,"event_name":"Upgrade Shrine","player_choice":"Upgraded","floor":8.0,"gold_loss":0.0,"damage_taken":0.0,"cards_upgraded":["Bash"]},{"cards_removed":["Strike_R"],"damage_healed":0.0,"max_hp_gain":0.0,"max_hp_loss":0.0,"gold_gain":0.0,"event_name":"Beggar","player_choice":"Gave Gold","floor":19.0,"gold_loss":75.0,"damage_taken":0.0},{"damage_healed":0,"gold_gain":0,"player_choice":"1 cards matched","damage_taken":0,"max_hp_gain":0,"max_hp_loss":0,"event_name":"Match and Keep!","floor":21,"gold_loss":0,"cards_obtained":["Corruption"]}],"is_beta":false,"boss_relics":[{"not_picked":["Busted Crown","Runic Cube"],"picked":"Calling Bell"}],"items_purged_floors":[3],"is_endless":false,"potions_floor_spawned":[1,4,12,14,16,18,20,22],"killed_by":"Book of Stabbing","ascension_level":20}