{"gold_per_floor":[117,131,131,131,143,143,177,189,189,221,241,241,276,53,53,129,129,149,149,162,87,87,87,37,64,64,89,104,122,122,72,72,150,150,168,168,180,199,214,241,241,271,294,40,56,76,21,83,83,83,83,83,83,33,61,61],"floor_reached":57,"playtime":3131,"items_purged":["Strike_R","Strike_R","Strike_R","Strike_R+1","Strike_R+1"],"score":2719,"play_id":"e915f10b-f66d-4ba9-9235-3f695868562d","local_time":"20211120094432","is_ascension_mode":true,"campfire_choices":[{"data":"Whirlwind","floor":6.0,"key":"SMITH"},{"data":"Clothesline","floor":12.0,"key":"SMITH"},{"data":"Armaments","floor":15.0,"key":"SMITH"},{"data":"RitualDagger","floor":23.0,"key":"SMITH"},{"data":"Demon Form","floor":30.0,"key":"SMITH"},{"data":"Ghostly Armor","floor":32.0,"key":"SMITH"},{"data":"Impervious","floor":41.0,"key":"SMITH"},{"floor":49.0,"key":"RECALL"},{"data":"Carnage","floor":53.0,"key":"SMITH"}],"neow_cost":"NONE","seed_source_timestamp":654147152560800,"circlet_count":0,"master_deck":["AscendersBane","Defend_R","Defend_R","Defend_R","Defend_R","Bash+1","Twin Strike","Whirlwind+1","Clothesline+1","Ghostly Armor+1","Armaments+1","Demon Form+1","Blood for Blood","RitualDagger+1","Sword Boomerang+1","Impervious+1","Reaper","Pummel","Burning Pact","Carnage+1","Pommel Strike","Burning Pact+1","Shrug It Off+1"],"special_seed":0,"relics":["Burning Blood","Whetstone","Pocketwatch","Pen Nib","Smiling Mask","Orichalcum","Happy Flower","Toolbox","Snecko Eye","MutagenicStrength","Meat on the Bone","Kunai","Omamori","Coffee Dripper","StoneCalendar","FossilizedHelix","Bag of Marbles","Incense Burner"],"potions_floor_usage":[55,56],"damage_taken":[{"damage":0.0,"enemies":"Cultist","floor":1.0,"turns":3.0},{"damage":7.0,"enemies":"2 Louse","floor":2.0,"turns":2.0},{"damage":0.0,"enemies":"Small Slimes","floor":5.0,"turns":2.0},{"damage":20.0,"enemies":"3 Sentries","floor":7.0,"turns":4.0},{"damage":0.0,"enemies":"2 Fungi Beasts","floor":8.0,"turns":2.0},{"damage":8.0,"enemies":"Gremlin Nob","floor":10.0,"turns":3.0},{"damage":2.0,"enemies":"Looter","floor":11.0,"turns":2.0},{"damage":5.0,"enemies":"Lagavulin","floor":13.0,"turns":4.0},{"damage":6.0,"enemies":"Hexaghost","floor":16.0,"turns":7.0},{"damage":0.0,"enemies":"2 Thieves","floor":18.0,"turns":1.0},{"damage":15.0,"enemies":"Shell Parasite","floor":20.0,"turns":5.0},{"damage":17.0,"enemies":"Gremlin Leader","floor":25.0,"turns":3.0},{"damage":19.0,"enemies":"Slavers","floor":27.0,"turns":4.0},{"damage":0.0,"enemies":"Cultist and Chosen","floor":28.0,"turns":4.0},{"damage":0.0,"enemies":"Snecko","floor":29.0,"turns":3.0},{"damage":43.0,"enemies":"Automaton","floor":33.0,"turns":6.0},{"damage":0.0,"enemies":"Orb Walker","floor":35.0,"turns":3.0},{"damage":0.0,"enemies":"3 Shapes","floor":37.0,"turns":1.0},{"damage":19.0,"enemies":"3 Darklings","floor":38.0,"turns":2.0},{"damage":10.0,"enemies":"Sphere and 2 Shapes","floor":39.0,"turns":3.0},{"damage":14.0,"enemies":"Giant Head","floor":40.0,"turns":5.0},{"damage":80.0,"enemies":"Nemesis","floor":42.0,"turns":7.0},{"damage":0.0,"enemies":"Transient","floor":45.0,"turns":6.0},{"damage":0.0,"enemies":"3 Darklings","floor":46.0,"turns":3.0},{"damage":13.0,"enemies":"Sphere and 2 Shapes","floor":48.0,"turns":4.0},{"damage":47.0,"enemies":"Donu and Deca","floor":50.0,"turns":7.0},{"damage":26.0,"enemies":"Awakened One","floor":51.0,"turns":7.0},{"damage":0,"enemies":"Shield and Spear","floor":55,"turns":2},{"damage":82,"enemies":"The Heart","floor":56,"turns":8}],"seed_played":"-7111727774959429327","potions_obtained":[{"floor":1.0,"key":"Weak Potion"},{"floor":7.0,"key":"SpeedPotion"},{"floor":8.0,"key":"LiquidBronze"},{"floor":16.0,"key":"AttackPotion"},{"floor":18.0,"key":"PowerPotion"},{"floor":33.0,"key":"DuplicationPotion"}],"is_trial":false,"path_per_floor":["M","M","T","?","M","R","E","M","T","E","M","R","E","$","R","B",null,"M","?","M","?","?","R","$","E","T","E","M","M","R","$","R","B",null,"M","?","M","M","M","E","R","E","T","$","M","M","$","M","R","B","B",null,"R","$","E","B",null],"character_chosen":"IRONCLAD","items_purchased":["Toolbox","Bag of Marbles","Carnage","Pommel Strike"],"campfire_rested":0,"item_purchase_floors":[14,44,44,47],"current_hp_per_floor":[74,73,73,73,75,75,61,67,67,65,69,69,70,70,70,70,74,75,75,66,66,60,60,60,49,49,48,54,60,60,60,60,35,65,71,71,75,62,75,67,67,20,20,20,56,75,75,68,68,53,64,72,72,72,75,27],"gold":61,"neow_bonus":"RANDOM_COMMON_RELIC","is_prod":false,"is_daily":false,"chose_seed":false,"campfire_upgraded":8,"win_rate":0,"timestamp":1637423072,"path_taken":["M","M","?","?","?","R","E","M","T","E","M","R","E","$","R","BOSS","M","?","M","?","?","R","?","E","T","E","?","?","R","$","R","BOSS","M","?","M","M","M","E","R","E","T","$","M","M","$","M","R","BOSS","BOSS","R","$","E","BOSS"],"build_version":"2020-12-22","purchased_purges":5,"victory":true,"max_hp_per_floor":[75,75,75,75,75,75,75,75,75,75,75,75,75,75,75,75,75,75,75,75,75,75,75,75,75,75,75,75,75,75,75,75,75,75,75,75,75,75,75,75,75,75,75,75,75,75,75,75,75,75,75,75,75,75,75,75],"card_choices":[{"not_picked":["Shockwave","Perfected Strike"],"picked":"Anger","floor":1.0},{"not_picked":["Bloodletting","Sword Boomerang"],"picked":"Twin Strike","floor":2.0},{"not_picked":["Reckless Charge","Seeing Red"],"picked":"Whirlwind","floor":5.0},{"not_picked":["Second Wind","Dual Wield","Twin Strike"],"picked":"SKIP","floor":7.0},{"not_picked":["Twin Strike","Flex","Rupture"],"picked":"SKIP","floor":8.0},{"not_picked":["Pommel Strike","Dark Embrace"],"picked":"Clothesline","floor":10.0},{"not_picked":["Wild Strike","Thunderclap"],"picked":"Ghostly Armor","floor":11.0},{"not_picked":["Headbutt","Dark Embrace"],"picked":"Armaments","floor":13.0},{"not_picked":["Double Tap","Bludgeon"],"picked":"Demon Form","floor":16.0},{"not_picked":["True Grit","Thunderclap"],"picked":"Blood for Blood","floor":18.0},{"not_picked":["Entrench","Havoc","Perfected Strike"],"picked":"SKIP","floor":20.0},{"not_picked":["Wild Strike","Headbutt+1"],"picked":"Sword Boomerang+1","floor":25.0},{"not_picked":["Sword Boomerang","Flex","Sever Soul"],"picked":"SKIP","floor":27.0},{"not_picked":["Rampage+1","Burning Pact","Flex+1"],"picked":"SKIP","floor":28.0},{"not_picked":["Dark Embrace","Thunderclap","Perfected Strike"],"picked":"SKIP","floor":29.0},{"not_picked":["Immolate","Berserk"],"picked":"Impervious","floor":33.0},{"not_picked":["Armaments","Anger+1","Intimidate"],"picked":"SKIP","floor":35.0},{"not_picked":["Seeing Red","Twin Strike+1","Iron Wave"],"picked":"SKIP","floor":37.0},{"not_picked":["Wild Strike","Seeing Red+1","Infernal Blade"],"picked":"SKIP","floor":38.0},{"not_picked":["Spot Weakness","Second Wind"],"picked":"Pummel","floor":39.0},{"not_picked":["Combust","Armaments","Havoc"],"picked":"SKIP","floor":40.0},{"not_picked":["Feed","Perfected Strike"],"picked":"Burning Pact","floor":42.0},{"not_picked":["Cleave+1","Seeing Red","Feel No Pain"],"picked":"SKIP","floor":45.0},{"not_picked":["Whirlwind","Searing Blow","Headbutt"],"picked":"SKIP","floor":46.0},{"not_picked":["Warcry","Evolve"],"picked":"Burning Pact+1","floor":48.0},{"not_picked":["Flex","Anger"],"picked":"Shrug It Off+1","floor":55}],"player_experience":2437342,"relics_obtained":[{"floor":3.0,"key":"Pocketwatch"},{"floor":7.0,"key":"Pen Nib"},{"floor":9.0,"key":"Smiling Mask"},{"floor":10.0,"key":"Orichalcum"},{"floor":13.0,"key":"Happy Flower"},{"floor":25.0,"key":"Meat on the Bone"},{"floor":26.0,"key":"Kunai"},{"floor":27.0,"key":"Omamori"},{"floor":40.0,"key":"StoneCalendar"},{"floor":42.0,"key":"FossilizedHelix"},{"floor":55,"key":"Incense Burner"}],"event_choices":[{"damage_healed":0.0,"max_hp_gain":0.0,"max_hp_loss":0.0,"gold_gain":0.0,"event_name":"Accursed Blacksmith","player_choice":"Forge","floor":4.0,"gold_loss":0.0,"damage_taken":0.0,"cards_upgraded":["Bash"]},{"damage_healed":0.0,"max_hp_gain":0.0,"max_hp_loss":0.0,"gold_gain":0.0,"event_name":"Drug Dealer","player_choice":"Inject Mutagens","floor":19.0,"gold_loss":0.0,"damage_taken":0.0,"relics_obtained":["MutagenicStrength"]},{"cards_removed":["Anger"],"damage_healed":0.0,"max_hp_gain":0.0,"max_hp_loss":0.0,"gold_gain":0.0,"event_name":"Beggar","player_choice":"Gave Gold","floor":21.0,"gold_loss":75.0,"damage_taken":0.0},{"damage_healed":0.0,"max_hp_gain":0.0,"max_hp_loss":0.0,"gold_gain":0.0,"event_name":"Nest","player_choice":"Joined the Cult","floor":22.0,"gold_loss":0.0,"damage_taken":6.0,"cards_obtained":["RitualDagger"]},{"damage_healed":0.0,"max_hp_gain":0.0,"max_hp_loss":0.0,"gold_gain":0.0,"event_name":"Match and Keep!","player_choice":"1 cards matched","floor":36.0,"gold_loss":0.0,"damage_taken":0.0,"cards_obtained":["Reaper"]}],"is_beta":false,"boss_relics":[{"not_picked":["Runic Pyramid","Runic Dome"],"picked":"Snecko Eye"},{"not_picked":["Black Star","Runic Cube"],"picked":"Coffee Dripper"}],"items_purged_floors":[14,24,31,44,54],"is_endless":false,"potions_floor_spawned":[1,7,8,16,18,20,28,33,35,39,40,45],"ascension_level":20}