{"gold_per_floor":[363,363,438,91,103,129,129,159,159,159,159,191,191,201,201,201],"floor_reached":16,"playtime":617,"items_purged":["Writhe"],"score":232,"play_id":"15fce204-5883-4dea-9d64-3e32c24e7275","local_time":"20211119152256","is_ascension_mode":true,"campfire_choices":[{"data":"Bash","floor":7.0,"key":"SMITH"},{"data":"Fiend Fire","floor":13.0,"key":"SMITH"},{"data":"Whirlwind","floor":15.0,"key":"SMITH"}],"neow_cost":"CURSE","seed_source_timestamp":590590947652900,"circlet_count":0,"master_deck":["AscendersBane","Strike_R","Strike_R","Strike_R","Strike_R","Defend_R","Defend_R","Defend_R","Defend_R","Bash+1","Twin Strike","Whirlwind+1","Ghostly Armor","Perfected Strike","Shrug It Off","Shrug It Off","Fiend Fire+1","Limit Break+1","Pommel Strike"],"special_seed":0,"relics":["Burning Blood","Membership Card","Vajra","Paper Frog","Pear","Toxic Egg 2","Frozen Egg 2"],"potions_floor_usage":[16],"damage_taken":[{"damage":12.0,"enemies":"2 Louse","floor":1.0,"turns":4.0},{"damage":2.0,"enemies":"Jaw Worm","floor":5.0,"turns":4.0},{"damage":8.0,"enemies":"Gremlin Nob","floor":6.0,"turns":3.0},{"damage":19.0,"enemies":"3 Sentries","floor":8.0,"turns":7.0},{"damage":28.0,"enemies":"Gremlin Nob","floor":12.0,"turns":4.0},{"damage":3.0,"enemies":"Small Slimes","floor":14.0,"turns":3.0},{"damage":32,"enemies":"Hexaghost","floor":16,"turns":9}],"seed_played":"8470289868665511893","potions_obtained":[{"floor":1.0,"key":"AttackPotion"},{"floor":6.0,"key":"Fire Potion"},{"floor":14.0,"key":"LiquidBronze"}],"is_trial":false,"path_per_floor":["M","?","?","$","M","E","R","E","T","?","?","E","R","M","R","B"],"character_chosen":"IRONCLAD","items_purchased":["Membership Card","Vajra","Whirlwind","Ghostly Armor"],"campfire_rested":0,"item_purchase_floors":[4,4,4,4],"current_hp_per_floor":[62,67,56,56,60,58,58,55,55,55,55,33,33,36,36,4],"gold":201,"neow_bonus":"TWO_FIFTY_GOLD","is_prod":false,"is_daily":false,"chose_seed":false,"campfire_upgraded":3,"win_rate":0,"timestamp":1637356976,"path_taken":["M","?","?","$","M","E","R","E","T","?","?","E","R","M","R","BOSS"],"build_version":"2020-12-22","purchased_purges":1,"victory":false,"max_hp_per_floor":[75,80,80,80,80,80,80,90,90,90,90,90,90,90,90,90],"card_choices":[{"not_picked":["Dark Embrace","Armaments"],"picked":"Twin Strike","floor":1.0},{"not_picked":["Thunderclap","True Grit"],"picked":"Perfected Strike","floor":5.0},{"not_picked":["Clothesline","Searing Blow"],"picked":"Shrug It Off","floor":6.0},{"not_picked":["Flame Barrier","Flex"],"picked":"Shrug It Off","floor":8.0},{"not_picked":["Evolve+1","Combust+1"],"picked":"Limit Break+1","floor":12.0},{"not_picked":["Flex+1","Second Wind+1"],"picked":"Pommel Strike","floor":14.0}],"player_experience":2435892,"relics_obtained":[{"floor":6.0,"key":"Paper Frog"},{"floor":8.0,"key":"Pear"},{"floor":9.0,"key":"Toxic Egg 2"},{"floor":12.0,"key":"Frozen Egg 2"}],"event_choices":[{"damage_healed":0.0,"max_hp_gain":5.0,"max_hp_loss":0.0,"gold_gain":0.0,"event_name":"Big Fish","player_choice":"Donut","floor":2.0,"gold_loss":0.0,"damage_taken":0.0},{"damage_healed":0.0,"max_hp_gain":0.0,"max_hp_loss":0.0,"gold_gain":75.0,"event_name":"World of Goop","player_choice":"Gather Gold","floor":3.0,"gold_loss":0.0,"damage_taken":11.0},{"damage_healed":0.0,"max_hp_gain":0.0,"max_hp_loss":0.0,"gold_gain":0.0,"cards_transformed":["Strike_R"],"event_name":"Living Wall","player_choice":"Change","floor":10.0,"gold_loss":0.0,"damage_taken":0.0,"cards_obtained":["Fiend Fire"]},{"damage_healed":0.0,"max_hp_gain":0.0,"max_hp_loss":0.0,"gold_gain":0.0,"event_name":"Dead Adventurer","player_choice":"Searched \u00271\u0027 times","floor":11.0,"gold_loss":0.0,"damage_taken":0.0}],"is_beta":false,"boss_relics":[],"items_purged_floors":[4],"is_endless":false,"potions_floor_spawned":[1,6,14],"killed_by":"Hexaghost","ascension_level":20}