{"gold_per_floor":[116,116,133,150,150,183,24,59,84,99,130,89,104,104,104,182,182,197,214,49,49,49,49,69,96,119,145,145,174,3,19,19,94,94,107,124,143,157,157,157,184,184,184,201,37,37,37,66,66,66,66,66,66,15,44,44],"floor_reached":56,"playtime":3362,"items_purged":["Strike_R"],"score":2066,"play_id":"2cc6ab84-2455-482b-b48b-8b3f3bc9bd98","local_time":"20211202184052","is_ascension_mode":true,"campfire_choices":[{"floor":15.0,"key":"REST"},{"floor":23.0,"key":"REST"},{"data":"1","floor":32.0,"key":"LIFT"},{"data":"2","floor":40.0,"key":"LIFT"},{"data":"3","floor":42.0,"key":"LIFT"},{"floor":46.0,"key":"RECALL"},{"data":"Defend_R","floor":49.0,"key":"PURGE"},{"floor":53.0,"key":"REST"}],"neow_cost":"NONE","seed_source_timestamp":337545718397400,"circlet_count":0,"master_deck":["AscendersBane","Defend_R","Bash","Clothesline","Pommel Strike","Shrug It Off","Disarm+1","Spot Weakness","Metallicize","Warcry+1","Corruption","Whirlwind+1","Disarm+1","RitualDagger","Bite","Bite","Bite","Dual Wield+1","Seeing Red+1","Feel No Pain","Good Instincts+1","Violence+1","Armaments+1","Dark Embrace","Burning Pact+1","Armaments+1","Fiend Fire","Warcry+1","Warcry+1","Spot Weakness+1","True Grit+1","Second Wind+1"],"special_seed":0,"relics":["Fusion Hammer","Bronze Scales","Toxic Egg 2","Nunchaku","Orichalcum","Runic Pyramid","Pen Nib","Peace Pipe","PreservedInsect","Shuriken","Girya","Orrery","Empty Cage","Ancient Tea Set","Potion Belt","Frozen Egg 2","Ornamental Fan"],"potions_floor_usage":[],"damage_taken":[{"damage":4.0,"enemies":"Small Slimes","floor":1.0,"turns":3.0},{"damage":7.0,"enemies":"2 Louse","floor":3.0,"turns":2.0},{"damage":11.0,"enemies":"Jaw Worm","floor":4.0,"turns":3.0},{"damage":6.0,"enemies":"Gremlin Nob","floor":6.0,"turns":3.0},{"damage":18.0,"enemies":"Lagavulin","floor":8.0,"turns":7.0},{"damage":7.0,"enemies":"Large Slime","floor":10.0,"turns":6.0},{"damage":12.0,"enemies":"Gremlin Nob","floor":11.0,"turns":4.0},{"damage":0.0,"enemies":"3 Louse","floor":13.0,"turns":3.0},{"damage":19.0,"enemies":"The Guardian","floor":16.0,"turns":10.0},{"damage":6.0,"enemies":"Chosen","floor":18.0,"turns":5.0},{"damage":0.0,"enemies":"3 Byrds","floor":19.0,"turns":3.0},{"damage":8.0,"enemies":"Snake Plant","floor":24.0,"turns":4.0},{"damage":26.0,"enemies":"Book of Stabbing","floor":25.0,"turns":5.0},{"damage":0.0,"enemies":"Gremlin Leader","floor":27.0,"turns":4.0},{"damage":8.0,"enemies":"Slavers","floor":29.0,"turns":3.0},{"damage":0.0,"enemies":"Snecko","floor":31.0,"turns":5.0},{"damage":8.0,"enemies":"Champ","floor":33.0,"turns":7.0},{"damage":11.0,"enemies":"3 Darklings","floor":35.0,"turns":9.0},{"damage":8.0,"enemies":"Orb Walker","floor":36.0,"turns":5.0},{"damage":15.0,"enemies":"3 Darklings","floor":37.0,"turns":6.0},{"damage":1.0,"enemies":"Maw","floor":38.0,"turns":7.0},{"damage":3.0,"enemies":"Giant Head","floor":41.0,"turns":5.0},{"damage":7.0,"enemies":"Jaw Worm Horde","floor":44.0,"turns":2.0},{"damage":0.0,"enemies":"Reptomancer","floor":48.0,"turns":2.0},{"damage":61.0,"enemies":"Time Eater","floor":50.0,"turns":5.0},{"damage":30.0,"enemies":"Awakened One","floor":51.0,"turns":8.0},{"damage":6,"enemies":"Shield and Spear","floor":55,"turns":2},{"damage":77,"enemies":"The Heart","floor":56,"turns":5}],"seed_played":"8090430265306104138","potions_obtained":[{"floor":10.0,"key":"Ancient Potion"},{"floor":13.0,"key":"BloodPotion"},{"floor":25.0,"key":"ColorlessPotion"},{"floor":36.0,"key":"Block Potion"},{"floor":44.0,"key":"DuplicationPotion"}],"is_trial":false,"path_per_floor":["M","?","M","M","?","E","$","E","T","M","E","?","M","?","R","B",null,"M","M","$","?","?","R","M","E","T","E","?","E","$","M","R","B",null,"M","M","M","M","?","R","E","R","T","M","$","R","?","E","R","B","B",null,"R","$","E","B"],"character_chosen":"IRONCLAD","items_purchased":["Spot Weakness","Pen Nib","Orrery","Potion Belt","True Grit+1"],"campfire_rested":3,"item_purchase_floors":[7,20,30,45,54],"current_hp_per_floor":[64,64,57,46,39,33,33,17,17,12,2,2,4,4,26,9,59,55,57,57,51,51,73,75,57,57,71,71,69,69,75,75,75,75,64,63,63,75,75,75,75,75,75,68,68,68,68,68,68,18,20,61,75,75,71,4],"gold":44,"neow_bonus":"BOSS_RELIC","is_prod":false,"is_daily":false,"chose_seed":false,"campfire_upgraded":0,"win_rate":0,"timestamp":1638492052,"path_taken":["M","?","M","M","?","E","$","E","T","M","E","?","M","?","R","BOSS","M","M","$","?","?","R","M","E","T","E","?","E","$","M","R","BOSS","M","M","M","M","?","R","E","R","T","M","$","R","?","E","R","BOSS","BOSS","R","$","E","BOSS"],"build_version":"2020-12-22","purchased_purges":1,"victory":false,"max_hp_per_floor":[75,75,75,75,75,75,75,75,75,75,75,75,75,75,75,75,75,75,75,75,75,75,75,75,75,75,75,75,75,75,75,75,75,75,75,75,75,75,75,75,75,75,75,75,75,75,75,75,75,75,75,75,75,75,75,75],"card_choices":[{"not_picked":["Warcry","Anger"],"picked":"Clothesline","floor":1.0},{"not_picked":["Flex","Anger"],"picked":"Pommel Strike","floor":3.0},{"not_picked":["Clash","Entrench"],"picked":"Shrug It Off","floor":4.0},{"not_picked":["Heavy Blade","Fire Breathing"],"picked":"Disarm","floor":6.0},{"not_picked":["Demon Form","Clash","Headbutt"],"picked":"SKIP","floor":8.0},{"not_picked":["Second Wind+1","Evolve"],"picked":"Metallicize","floor":10.0},{"not_picked":["Heavy Blade","Second Wind+1"],"picked":"Havoc+1","floor":11.0},{"not_picked":["Cleave","Perfected Strike"],"picked":"Warcry+1","floor":13.0},{"not_picked":["Offering+1","Juggernaut"],"picked":"Corruption","floor":16.0},{"not_picked":["Warcry+1","Cleave+1"],"picked":"Whirlwind+1","floor":18.0},{"not_picked":["Wild Strike","Thunderclap+1"],"picked":"Disarm+1","floor":19.0},{"not_picked":["Clothesline","Wild Strike"],"picked":"Dual Wield+1","floor":24.0},{"not_picked":["Battle Trance+1","Clash+1"],"picked":"Seeing Red+1","floor":25.0},{"not_picked":["Reckless Charge","Warcry+1"],"picked":"Feel No Pain","floor":27.0},{"not_picked":["Pommel Strike","Perfected Strike"],"picked":"Armaments+1","floor":29.0},{"not_picked":["Clothesline","Heavy Blade"],"picked":"Dark Embrace","floor":30.0},{"not_picked":["Juggernaut","Intimidate+1"],"picked":"Burning Pact+1","floor":30.0},{"not_picked":["Havoc+1","Body Slam"],"picked":"Armaments+1","floor":31.0},{"not_picked":["Bludgeon","Juggernaut"],"picked":"Fiend Fire","floor":33.0},{"not_picked":["Disarm+1","Cleave+1","Twin Strike"],"picked":"SKIP","floor":35.0},{"not_picked":["Havoc+1","Second Wind+1","Perfected Strike"],"picked":"SKIP","floor":36.0},{"not_picked":["Sword Boomerang","Bludgeon","Flex+1"],"picked":"SKIP","floor":37.0},{"not_picked":["Perfected Strike","Burning Pact+1"],"picked":"Warcry+1","floor":38.0},{"not_picked":["Rupture","Anger+1"],"picked":"Warcry+1","floor":41.0},{"not_picked":["Second Wind+1","Flex+1","Headbutt"],"picked":"SKIP","floor":44.0},{"not_picked":["Sword Boomerang+1","Anger+1"],"picked":"Spot Weakness+1","floor":48.0},{"not_picked":["Fire Breathing+1","Juggernaut+1"],"picked":"Second Wind+1","floor":55}],"player_experience":2463883,"relics_obtained":[{"floor":6.0,"key":"Blood Vial"},{"floor":8.0,"key":"Toxic Egg 2"},{"floor":9.0,"key":"Nunchaku"},{"floor":11.0,"key":"Orichalcum"},{"floor":25.0,"key":"Peace Pipe"},{"floor":26.0,"key":"PreservedInsect"},{"floor":27.0,"key":"Shuriken"},{"floor":29.0,"key":"Girya"},{"floor":41.0,"key":"Ancient Tea Set"},{"floor":48.0,"key":"Frozen Egg 2"},{"floor":55,"key":"Ornamental Fan"}],"event_choices":[{"damage_healed":0.0,"max_hp_gain":0.0,"max_hp_loss":0.0,"gold_gain":0.0,"event_name":"Big Fish","player_choice":"Box","floor":2.0,"gold_loss":0.0,"damage_taken":0.0,"relics_obtained":["Bronze Scales"],"cards_obtained":["Regret"]},{"cards_removed":["Regret"],"damage_healed":0.0,"max_hp_gain":0.0,"max_hp_loss":0.0,"gold_gain":0.0,"event_name":"Golden Wing","player_choice":"Card Removal","floor":5.0,"gold_loss":0.0,"damage_taken":7.0},{"damage_healed":0.0,"max_hp_gain":0.0,"max_hp_loss":0.0,"gold_gain":0.0,"event_name":"World of Goop","player_choice":"Left Gold","floor":12.0,"gold_loss":41.0,"damage_taken":0.0},{"damage_healed":0.0,"max_hp_gain":0.0,"max_hp_loss":0.0,"gold_gain":0.0,"event_name":"Living Wall","player_choice":"Grow","floor":14.0,"gold_loss":0.0,"damage_taken":0.0,"cards_upgraded":["Disarm"]},{"damage_healed":0.0,"max_hp_gain":0.0,"max_hp_loss":0.0,"gold_gain":0.0,"event_name":"Nest","player_choice":"Joined the Cult","floor":21.0,"gold_loss":0.0,"damage_taken":6.0,"cards_obtained":["RitualDagger"]},{"damage_healed":0.0,"max_hp_gain":0.0,"max_hp_loss":0.0,"gold_gain":0.0,"event_name":"Vampires","player_choice":"Became a vampire (Vial)","floor":22.0,"relics_lost":["Blood Vial"],"gold_loss":0.0,"damage_taken":0.0,"cards_obtained":["Bite","Bite","Bite","Bite","Bite"]},{"damage_healed":0.0,"max_hp_gain":0.0,"max_hp_loss":0.0,"gold_gain":0.0,"cards_transformed":["Bite","Bite"],"event_name":"Drug Dealer","player_choice":"Became Test Subject","floor":28.0,"gold_loss":0.0,"damage_taken":0.0,"cards_obtained":["Good Instincts","Violence"]},{"damage_healed":0.0,"max_hp_gain":0.0,"max_hp_loss":0.0,"gold_gain":0.0,"event_name":"Tomb of Lord Red Mask","player_choice":"Ignored","floor":39.0,"gold_loss":0.0,"damage_taken":0.0},{"cards_removed":["Havoc"],"damage_healed":0.0,"max_hp_gain":0.0,"max_hp_loss":0.0,"gold_gain":0.0,"event_name":"Falling","player_choice":"Removed Skill","floor":47.0,"gold_loss":0.0,"damage_taken":0.0}],"is_beta":false,"boss_relics":[{"not_picked":["SlaversCollar","Tiny House"],"picked":"Runic Pyramid"},{"not_picked":["Runic Dome","Runic Cube"],"picked":"Empty Cage"}],"items_purged_floors":[7],"is_endless":false,"potions_floor_spawned":[10,13,25,29,31,35,36,44],"killed_by":"The Heart","ascension_level":20}