{"gold_per_floor":[119,136,146,163,163,188,188,188],"floor_reached":8,"playtime":487,"items_purged":[],"score":116,"play_id":"7b4241c2-ba36-470c-9bb9-f9c362ae6d7b","local_time":"20211201192519","is_ascension_mode":true,"campfire_choices":[{"data":"Bash","floor":7,"key":"SMITH"}],"neow_cost":"NONE","seed_source_timestamp":256772154549700,"circlet_count":0,"master_deck":["AscendersBane","Strike_R","Strike_R","Strike_R","Strike_R","Defend_R","Defend_R","Defend_R","Defend_R","Bash+1","Rampage","Pommel Strike","Twin Strike","Corruption"],"relics":["Burning Blood","Blood Vial","Oddly Smooth Stone"],"potions_floor_usage":[6,8],"damage_taken":[{"damage":5,"enemies":"Small Slimes","floor":1,"turns":5},{"damage":1,"enemies":"Cultist","floor":2,"turns":3},{"damage":11,"enemies":"2 Louse","floor":3,"turns":2},{"damage":33,"enemies":"Exordium Wildlife","floor":4,"turns":5},{"damage":30,"enemies":"3 Sentries","floor":6,"turns":7},{"damage":20,"enemies":"Lagavulin","floor":8,"turns":4}],"seed_played":"4325515076481450969","potions_obtained":[{"floor":3,"key":"Strength Potion"},{"floor":4,"key":"AttackPotion"},{"floor":6,"key":"FearPotion"}],"is_trial":false,"path_per_floor":["M","M","M","M","?","E","R","E"],"character_chosen":"IRONCLAD","items_purchased":[],"campfire_rested":0,"item_purchase_floors":[],"current_hp_per_floor":[71,75,70,45,45,23,23,5],"gold":188,"neow_bonus":"RANDOM_COMMON_RELIC","is_prod":false,"is_daily":false,"chose_seed":false,"campfire_upgraded":1,"win_rate":0,"timestamp":1638408319,"path_taken":["M","M","M","M","?","E","R","E"],"build_version":"2020-12-22","purchased_purges":0,"victory":false,"max_hp_per_floor":[75,75,75,75,75,75,75,75],"card_choices":[{"not_picked":["Wild Strike","Armaments"],"picked":"Rampage","floor":1},{"not_picked":["Dark Embrace","Power Through"],"picked":"Pommel Strike","floor":2},{"not_picked":["Fire Breathing","Sword Boomerang","Perfected Strike"],"picked":"SKIP","floor":3},{"not_picked":["Sword Boomerang","Dual Wield"],"picked":"Twin Strike","floor":4},{"not_picked":["Headbutt","Twin Strike"],"picked":"Corruption","floor":6}],"player_experience":2461728,"relics_obtained":[{"floor":6,"key":"Oddly Smooth Stone"}],"event_choices":[{"cards_removed":["Strike_R"],"damage_healed":0,"gold_gain":0,"player_choice":"Offered Basic","damage_taken":0,"max_hp_gain":0,"max_hp_loss":0,"event_name":"Bonfire Elementals","floor":5,"gold_loss":0}],"is_beta":false,"boss_relics":[],"items_purged_floors":[],"is_endless":false,"potions_floor_spawned":[3,4,6],"killed_by":"Lagavulin","ascension_level":20}