{"gold_per_floor":[114,264,264,66,66,95,95,128,177,177,203,222,241,251,251,327,327,344,14,14,31,44,69,84,118,145,179,4,21,48,64,64,147,147,166,32,52,64,124,166,166,177,227,262,152,189,201,201,201,201,201,201,201,4,37,37],"floor_reached":56,"playtime":2782,"items_purged":["Strike_R"],"score":2495,"play_id":"0b843ebf-be77-4a9f-9f51-6801885e6d5d","local_time":"20211203212200","is_ascension_mode":true,"campfire_choices":[{"data":"Sword Boomerang","floor":7.0,"key":"SMITH"},{"data":"Metallicize","floor":10.0,"key":"SMITH"},{"data":"Heavy Blade","floor":15.0,"key":"SMITH"},{"data":"Corruption","floor":32,"key":"SMITH"},{"floor":41,"key":"RECALL"},{"floor":49,"key":"REST"},{"floor":53,"key":"REST"}],"neow_cost":"NONE","seed_source_timestamp":434132981493200,"circlet_count":0,"master_deck":["AscendersBane","Strike_R","Defend_R+1","Defend_R+1","Defend_R+1","Defend_R","Bash","Sword Boomerang+1","Cleave","Metallicize+1","Heavy Blade+1","Iron Wave","Anger","Sword Boomerang","Barricade","Thunderclap+1","Feel No Pain","Sword Boomerang+1","Pommel Strike","Dark Embrace+1","Corruption+1","Feel No Pain","Shrug It Off","Reaper","Burning Pact","True Grit","Pommel Strike","Havoc","Entrench","Battle Trance","Master of Strategy"],"special_seed":0,"relics":["Burning Blood","NeowsBlessing","Brimstone","Vajra","PreservedInsect","Pen Nib","Empty Cage","Membership Card","Blood Vial","FossilizedHelix","Juzu Bracelet","MealTicket","StrikeDummy","HornCleat","CeramicFish","Fusion Hammer","Mummified Hand","Charon\u0027s Ashes","War Paint","Oddly Smooth Stone","Singing Bowl","Lantern","Bronze Scales"],"potions_floor_usage":[25,30,31,50,51,55],"damage_taken":[{"damage":0.0,"enemies":"Jaw Worm","floor":1.0,"turns":1.0},{"damage":0.0,"enemies":"3 Sentries","floor":6.0,"turns":2.0},{"damage":0.0,"enemies":"Gremlin Nob","floor":8.0,"turns":1.0},{"damage":11.0,"enemies":"3 Sentries","floor":11.0,"turns":2.0},{"damage":0.0,"enemies":"Small Slimes","floor":12.0,"turns":2.0},{"damage":9.0,"enemies":"2 Louse","floor":13.0,"turns":2.0},{"damage":7.0,"enemies":"Gremlin Gang","floor":14.0,"turns":2.0},{"damage":0.0,"enemies":"Slime Boss","floor":16.0,"turns":3.0},{"damage":0.0,"enemies":"Chosen","floor":18.0,"turns":3.0},{"damage":0.0,"enemies":"Shell Parasite","floor":21.0,"turns":1.0},{"damage":15.0,"enemies":"Centurion and Healer","floor":22.0,"turns":2.0},{"damage":12.0,"enemies":"Book of Stabbing","floor":23.0,"turns":2.0},{"damage":34.0,"enemies":"Snake Plant","floor":24.0,"turns":3.0},{"damage":34,"enemies":"Slavers","floor":25,"turns":3},{"damage":0,"enemies":"Gremlin Leader","floor":27,"turns":3},{"damage":0,"enemies":"Sentry and Sphere","floor":29,"turns":3},{"damage":16,"enemies":"Book of Stabbing","floor":30,"turns":3},{"damage":0,"enemies":"Chosen and Byrds","floor":31,"turns":3},{"damage":0,"enemies":"Champ","floor":33,"turns":8},{"damage":0,"enemies":"Orb Walker","floor":35,"turns":3},{"damage":12,"enemies":"3 Shapes","floor":37,"turns":3},{"damage":29,"enemies":"Sphere and 2 Shapes","floor":38,"turns":4},{"damage":16,"enemies":"2 Orb Walkers","floor":39,"turns":3},{"damage":0,"enemies":"Reptomancer","floor":40,"turns":2},{"damage":19,"enemies":"Writhing Mass","floor":42,"turns":5},{"damage":26,"enemies":"Giant Head","floor":44,"turns":5},{"damage":43,"enemies":"Nemesis","floor":46,"turns":5},{"damage":1,"enemies":"4 Shapes","floor":47,"turns":5},{"damage":39,"enemies":"Time Eater","floor":50,"turns":7},{"damage":38,"enemies":"Donu and Deca","floor":51,"turns":7},{"damage":35,"enemies":"Shield and Spear","floor":55,"turns":6},{"damage":64,"enemies":"The Heart","floor":56,"turns":3}],"seed_played":"-6647737199014370835","potions_obtained":[{"floor":1.0,"key":"Strength Potion"},{"floor":8.0,"key":"SteroidPotion"},{"floor":22.0,"key":"AttackPotion"},{"floor":27,"key":"ElixirPotion"},{"floor":30,"key":"Swift Potion"},{"floor":33,"key":"SpeedPotion"},{"floor":35,"key":"PowerPotion"}],"is_trial":false,"path_per_floor":["M","?","?","$","?","E","R","E","T","R","E","M","M","M","R","B",null,"M","$","?","M","M","E","M","E","T","E","$","M","E","M","R","B",null,"M","$","M","M","?","E","R","M","T","E","?","E","M","?","R","B","B",null,"R","$","E","B"],"character_chosen":"IRONCLAD","items_purchased":["Brimstone","Sword Boomerang","Membership Card","Feel No Pain","Blood Vial","HornCleat","Regen Potion","Mummified Hand","Lantern","Master of Strategy","ColorlessPotion"],"campfire_rested":2,"item_purchase_floors":[4,4,19,19,19,28,28,36,54,54,54],"current_hp_per_floor":[74,74,67,67,67,73,73,75,75,75,70,75,72,71,71,75,75,75,75,75,75,66,62,36,10,10,18,33,41,42,50,50,58,71,75,75,75,52,70,75,75,68,68,55,55,20,55,55,77,44,40,68,77,77,66,12],"gold":37,"neow_bonus":"THREE_ENEMY_KILL","is_prod":false,"is_daily":false,"chose_seed":false,"campfire_upgraded":4,"win_rate":0,"timestamp":1638588120,"path_taken":["M","?","?","$","?","E","R","E","T","R","E","M","M","M","R","BOSS","M","$","?","?","M","E","M","E","T","E","$","M","E","M","R","BOSS","M","$","M","M","?","E","R","M","T","E","?","E","M","?","R","BOSS","BOSS","R","$","E","BOSS"],"build_version":"2020-12-22","purchased_purges":1,"victory":false,"max_hp_per_floor":[75,75,75,75,75,75,75,75,75,75,75,75,75,75,75,75,75,75,75,75,75,75,75,75,75,75,75,75,75,75,75,75,75,75,75,75,75,75,75,75,75,75,75,75,75,75,77,77,77,77,77,77,77,77,79,79],"card_choices":[{"not_picked":["Sentinel","Rage"],"picked":"Twin Strike","floor":1.0},{"not_picked":["Twin Strike","Uppercut"],"picked":"Cleave","floor":6.0},{"not_picked":["Reckless Charge","Perfected Strike"],"picked":"Metallicize","floor":8.0},{"not_picked":["Havoc","Clothesline"],"picked":"Heavy Blade","floor":11.0},{"not_picked":["Metallicize","Searing Blow"],"picked":"Iron Wave","floor":12.0},{"not_picked":["Havoc","Juggernaut"],"picked":"Anger","floor":13.0},{"not_picked":["Clash","Intimidate"],"picked":"Sword Boomerang","floor":14.0},{"not_picked":["Fiend Fire","Bludgeon"],"picked":"Barricade","floor":16.0},{"not_picked":["Iron Wave","Clothesline"],"picked":"Thunderclap+1","floor":18.0},{"not_picked":["Sword Boomerang","Sever Soul"],"picked":"Pommel Strike","floor":21.0},{"not_picked":["Sword Boomerang","Uppercut","Combust"],"picked":"SKIP","floor":22.0},{"not_picked":["Cleave+1","Sword Boomerang"],"picked":"Dark Embrace+1","floor":23.0},{"not_picked":["Wild Strike+1","Havoc"],"picked":"Corruption","floor":24.0},{"not_picked":["Pommel Strike","Anger"],"picked":"Feel No Pain","floor":25},{"not_picked":["Headbutt","Double Tap","Iron Wave"],"picked":"SKIP","floor":27},{"not_picked":["Wild Strike","Anger"],"picked":"Shrug It Off","floor":29},{"not_picked":["Body Slam","Sever Soul","Rupture"],"picked":"SKIP","floor":30},{"not_picked":["Cleave","Fiend Fire","Headbutt"],"picked":"SKIP","floor":31},{"not_picked":["Fiend Fire","Immolate"],"picked":"Reaper","floor":33},{"not_picked":["Carnage","Infernal Blade"],"picked":"Burning Pact","floor":35},{"not_picked":["Dark Embrace","Body Slam"],"picked":"True Grit","floor":37},{"not_picked":["Body Slam","Iron Wave","Cleave"],"picked":"SKIP","floor":38},{"not_picked":["Bloodletting+1","Twin Strike+1"],"picked":"Pommel Strike","floor":39},{"not_picked":["Dual Wield","Pommel Strike"],"picked":"Havoc","floor":40},{"not_picked":["Dual Wield","Sever Soul","Reckless Charge+1"],"picked":"SKIP","floor":42},{"not_picked":["Dropkick","Heavy Blade"],"picked":"Entrench","floor":44},{"not_picked":["Intimidate","Clothesline+1"],"picked":"Battle Trance","floor":46},{"not_picked":["Infernal Blade","Headbutt","Flex"],"picked":"Singing Bowl","floor":47},{"not_picked":["Body Slam","Anger","True Grit"],"picked":"Singing Bowl","floor":55}],"player_experience":2468805,"relics_obtained":[{"floor":6.0,"key":"Vajra"},{"floor":8.0,"key":"PreservedInsect"},{"floor":11.0,"key":"Pen Nib"},{"floor":23.0,"key":"FossilizedHelix"},{"floor":25,"key":"Juzu Bracelet"},{"floor":26,"key":"MealTicket"},{"floor":27,"key":"StrikeDummy"},{"floor":30,"key":"CeramicFish"},{"floor":39,"key":"Charon\u0027s Ashes"},{"floor":40,"key":"War Paint"},{"floor":44,"key":"Oddly Smooth Stone"},{"floor":46,"key":"Singing Bowl"},{"floor":55,"key":"Bronze Scales"}],"event_choices":[{"damage_healed":0.0,"max_hp_gain":0.0,"max_hp_loss":0.0,"gold_gain":150.0,"event_name":"Liars Game","player_choice":"AGREE","floor":2.0,"gold_loss":0.0,"damage_taken":0.0,"cards_obtained":["Doubt"]},{"cards_removed":["Doubt"],"damage_healed":0.0,"max_hp_gain":0.0,"max_hp_loss":0.0,"gold_gain":0.0,"event_name":"Golden Wing","player_choice":"Card Removal","floor":3.0,"gold_loss":0.0,"damage_taken":7.0},{"damage_healed":0.0,"max_hp_gain":0.0,"max_hp_loss":0.0,"gold_gain":0.0,"event_name":"The Cleric","player_choice":"Leave","floor":5.0,"gold_loss":0.0,"damage_taken":0.0},{"damage_healed":0.0,"max_hp_gain":0.0,"max_hp_loss":0.0,"gold_gain":0.0,"event_name":"Duplicator","player_choice":"Copied","floor":20.0,"gold_loss":0.0,"damage_taken":0.0,"cards_obtained":["Sword Boomerang"]},{"damage_healed":0,"gold_gain":0,"player_choice":"Fight","damage_taken":0,"max_hp_gain":0,"max_hp_loss":0,"event_name":"Mysterious Sphere","floor":39,"gold_loss":0},{"cards_removed":["Strike_R"],"damage_healed":0,"gold_gain":0,"player_choice":"Upgrade and Remove","damage_taken":0,"max_hp_gain":0,"max_hp_loss":0,"event_name":"Designer","floor":45,"gold_loss":110,"cards_upgraded":["Defend_R"]},{"cards_removed":["Twin Strike"],"damage_healed":0,"gold_gain":0,"player_choice":"Removed Attack","damage_taken":0,"max_hp_gain":0,"max_hp_loss":0,"event_name":"Falling","floor":48,"gold_loss":0}],"is_beta":false,"boss_relics":[{"not_picked":["Ectoplasm","Black Blood"],"picked":"Empty Cage"},{"not_picked":["Pandora\u0027s Box","Mark of Pain"],"picked":"Fusion Hammer"}],"items_purged_floors":[19],"is_endless":false,"potions_floor_spawned":[1,8,12,22,27,30,33,35,46],"killed_by":"The Heart","ascension_level":20}