{"gold_per_floor":[114,114,128,93,111,140,140,140],"floor_reached":8,"playtime":391,"items_purged":[],"score":112,"play_id":"679694d8-997f-40ca-af41-645db6d4b73e","local_time":"20211203162022","is_ascension_mode":true,"campfire_choices":[{"data":"Fiend Fire","floor":7.0,"key":"SMITH"}],"neow_cost":"TEN_PERCENT_HP_LOSS","seed_source_timestamp":418522456326900,"circlet_count":0,"master_deck":["AscendersBane","Strike_R","Strike_R","Strike_R","Strike_R","Strike_R","Defend_R+1","Defend_R","Defend_R","Defend_R+1","Bash","Fiend Fire+1","Flame Barrier","Wild Strike"],"special_seed":0,"relics":["Burning Blood","War Paint","Sundial"],"potions_floor_usage":[8],"damage_taken":[{"damage":15.0,"enemies":"Small Slimes","floor":1.0,"turns":3.0},{"damage":0.0,"enemies":"2 Louse","floor":3.0,"turns":2.0},{"damage":0.0,"enemies":"Cultist","floor":5.0,"turns":3.0},{"damage":34.0,"enemies":"Lagavulin","floor":6.0,"turns":10.0},{"damage":8,"enemies":"3 Sentries","floor":8,"turns":7}],"seed_played":"-8926868150001063072","potions_obtained":[{"floor":5.0,"key":"EssenceOfSteel"},{"floor":6.0,"key":"EssenceOfSteel"}],"is_trial":false,"path_per_floor":["M","?","M","?","M","E","R","E"],"character_chosen":"IRONCLAD","items_purchased":[],"campfire_rested":0,"item_purchase_floors":[],"current_hp_per_floor":[59,33,39,56,62,34,34,26],"gold":140,"neow_bonus":"THREE_RARE_CARDS","is_prod":false,"is_daily":false,"chose_seed":false,"campfire_upgraded":1,"win_rate":0,"timestamp":1638570022,"path_taken":["M","?","M","?","M","E","R","E"],"build_version":"2020-12-22","purchased_purges":0,"victory":false,"max_hp_per_floor":[68,68,68,68,68,68,68,68],"card_choices":[{"not_picked":["Demon Form","Corruption"],"picked":"Fiend Fire","floor":0.0},{"not_picked":["Thunderclap","Body Slam"],"picked":"Flame Barrier","floor":1.0},{"not_picked":["True Grit","Carnage","Bloodletting"],"picked":"SKIP","floor":3.0},{"not_picked":["True Grit","Flame Barrier"],"picked":"Wild Strike","floor":5.0},{"not_picked":["Rage","Rupture","True Grit"],"picked":"SKIP","floor":6.0}],"player_experience":2468414,"relics_obtained":[{"floor":6.0,"key":"Sundial"}],"event_choices":[{"damage_healed":0.0,"max_hp_gain":0.0,"max_hp_loss":0.0,"gold_gain":0.0,"event_name":"Scrap Ooze","player_choice":"Success","floor":2.0,"gold_loss":0.0,"damage_taken":26.0,"relics_obtained":["War Paint"]},{"damage_healed":17.0,"max_hp_gain":0.0,"max_hp_loss":0.0,"gold_gain":0.0,"event_name":"The Cleric","player_choice":"Healed","floor":4.0,"gold_loss":35.0,"damage_taken":0.0}],"is_beta":false,"boss_relics":[],"items_purged_floors":[],"is_endless":false,"potions_floor_spawned":[5,6],"killed_by":"3 Sentries","ascension_level":20}