{"gold_per_floor":[213,231,56,56,71,105,30,42,111,130,158,174,199,217,217,294,294,307,60,60,60,60,60,91,91,91,104,122,148,164,191,191,267,267,277,88,88,106,121,150,150,150,150,0,30,30,357,373,373,373,373,373,373,46,73,73],"floor_reached":57,"playtime":4751,"items_purged":["Pain"],"score":2965,"play_id":"b7b579bc-10a0-4c87-b8dc-d40a618316c1","local_time":"20211204170424","is_ascension_mode":true,"campfire_choices":[{"data":"Feed","floor":15.0,"key":"SMITH"},{"data":"Impervious","floor":23.0,"key":"SMITH"},{"floor":25,"key":"REST"},{"data":"Impervious","floor":32,"key":"SMITH"},{"floor":41,"key":"RECALL"},{"data":"Impervious","floor":46,"key":"SMITH"},{"data":"Demon Form","floor":49,"key":"SMITH"},{"data":"Impervious","floor":53,"key":"SMITH"}],"neow_cost":"NONE","seed_source_timestamp":503069931249900,"circlet_count":0,"master_deck":["AscendersBane","Strike_R","Strike_R","Strike_R","Defend_R","Defend_R","Defend_R","Defend_R","Bash","Anger","Shrug It Off","Impervious+1","Shrug It Off","Twin Strike","Feed+1","Body Slam","Hemokinesis","Impervious+1","Second Wind+1","Dark Embrace","Impervious+1","Shrug It Off","Shrug It Off","Battle Trance","Burning Pact","Demon Form+1","Apotheosis","Clothesline+1","Impervious+1","Entrench+1"],"special_seed":0,"relics":["Burning Blood","WarpedTongs","Magic Flower","InkBottle","Red Skull","Art of War","Snecko Eye","DollysMirror","Nilry\u0027s Codex","Gremlin Horn","Eternal Feather","Blood Vial","Pantograph","Black Star","Self Forming Clay","HornCleat","Toxic Egg 2","Meat on the Bone","Bronze Scales","Old Coin","Pocketwatch","Strawberry","Blue Candle"],"potions_floor_usage":[24,56,56,56,56],"damage_taken":[{"damage":9.0,"enemies":"Jaw Worm","floor":1.0,"turns":3.0},{"damage":1.0,"enemies":"Cultist","floor":2.0,"turns":3.0},{"damage":1.0,"enemies":"Small Slimes","floor":5.0,"turns":4.0},{"damage":34.0,"enemies":"Lagavulin","floor":6.0,"turns":5.0},{"damage":0.0,"enemies":"3 Louse","floor":8.0,"turns":4.0},{"damage":0.0,"enemies":"Looter","floor":10.0,"turns":3.0},{"damage":24.0,"enemies":"3 Sentries","floor":11.0,"turns":8.0},{"damage":7.0,"enemies":"Lots of Slimes","floor":12.0,"turns":5.0},{"damage":19.0,"enemies":"Lagavulin","floor":13.0,"turns":7.0},{"damage":4.0,"enemies":"2 Fungi Beasts","floor":14.0,"turns":5.0},{"damage":32.0,"enemies":"Slime Boss","floor":16.0,"turns":9.0},{"damage":21.0,"enemies":"3 Byrds","floor":18.0,"turns":10.0},{"damage":43,"enemies":"Slavers","floor":24,"turns":6},{"damage":0,"enemies":"Spheric Guardian","floor":27,"turns":3},{"damage":6,"enemies":"Centurion and Healer","floor":28,"turns":7},{"damage":5,"enemies":"Gremlin Leader","floor":29,"turns":7},{"damage":23,"enemies":"Sentry and Sphere","floor":30,"turns":8},{"damage":7,"enemies":"Slavers","floor":31,"turns":9},{"damage":18,"enemies":"Champ","floor":33,"turns":13},{"damage":0,"enemies":"Orb Walker","floor":35,"turns":4},{"damage":41,"enemies":"3 Darklings","floor":38,"turns":6},{"damage":31,"enemies":"Sphere and 2 Shapes","floor":39,"turns":7},{"damage":27,"enemies":"Nemesis","floor":40,"turns":11},{"damage":13,"enemies":"Giant Head","floor":45,"turns":5},{"damage":1,"enemies":"Nemesis","floor":47,"turns":9},{"damage":0,"enemies":"Spire Growth","floor":48,"turns":6},{"damage":7,"enemies":"Donu and Deca","floor":50,"turns":4},{"damage":3,"enemies":"Time Eater","floor":51,"turns":13},{"damage":4,"enemies":"Shield and Spear","floor":55,"turns":8},{"damage":90,"enemies":"The Heart","floor":56,"turns":10}],"seed_played":"5542098237305333159","potions_obtained":[{"floor":2.0,"key":"BlessingOfTheForge"},{"floor":6.0,"key":"GamblersBrew"},{"floor":12.0,"key":"FearPotion"},{"floor":14.0,"key":"FearPotion"},{"floor":30,"key":"EssenceOfSteel"},{"floor":31,"key":"EntropicBrew"},{"floor":39,"key":"Block Potion"}],"is_trial":false,"path_per_floor":["M","M","$","?","M","E","$","M","T","M","E","M","E","M","R","B",null,"M","$","?","?","?","R","E","R","T","M","M","E","M","E","R","B",null,"M","$","?","M","M","E","R","?","T","$","E","R","E","M","R","B","B",null,"R","$","E","B",null],"character_chosen":"IRONCLAD","items_purchased":["Impervious","DollysMirror","Dark Embrace","Apotheosis","Impervious","Pocketwatch"],"campfire_rested":1,"item_purchase_floors":[3,19,19,36,44,54],"current_hp_per_floor":[65,70,70,70,75,47,47,56,56,65,50,57,52,62,62,45,77,71,71,50,50,50,50,16,43,43,58,73,83,78,83,98,109,114,120,120,120,88,69,60,75,75,75,75,74,89,100,118,128,128,132,132,132,132,139,99],"gold":73,"neow_bonus":"HUNDRED_GOLD","is_prod":false,"is_daily":false,"chose_seed":false,"campfire_upgraded":6,"win_rate":0,"timestamp":1638659064,"path_taken":["M","M","$","?","M","E","$","M","T","?","E","M","E","M","R","BOSS","M","$","?","?","?","R","E","R","T","M","M","E","M","E","R","BOSS","M","$","?","M","M","E","R","?","T","$","E","R","E","M","R","BOSS","BOSS","R","$","E","BOSS"],"build_version":"2020-12-22","purchased_purges":1,"victory":true,"max_hp_per_floor":[75,75,75,75,75,75,75,75,75,75,75,78,81,84,84,88,88,92,92,92,92,92,92,92,92,92,96,104,108,112,112,112,116,116,120,120,120,120,120,124,124,124,124,124,124,124,124,128,128,128,132,132,132,132,139,139],"card_choices":[{"not_picked":["Thunderclap","Dark Embrace"],"picked":"Anger","floor":1.0},{"not_picked":["Pummel","Sword Boomerang"],"picked":"Shrug It Off","floor":2.0},{"not_picked":["Combust","Headbutt","Twin Strike"],"picked":"SKIP","floor":5.0},{"not_picked":["Hemokinesis","Perfected Strike"],"picked":"Shrug It Off","floor":6.0},{"not_picked":["Armaments","Sword Boomerang"],"picked":"Twin Strike","floor":8.0},{"not_picked":["Reckless Charge","Sever Soul"],"picked":"Feed","floor":10.0},{"not_picked":["Rampage","Wild Strike"],"picked":"Body Slam","floor":11.0},{"not_picked":["Metallicize","Perfected Strike","True Grit"],"picked":"SKIP","floor":12.0},{"not_picked":["Sword Boomerang","Havoc"],"picked":"Hemokinesis","floor":13.0},{"not_picked":["Evolve","Clothesline","Perfected Strike"],"picked":"SKIP","floor":14.0},{"not_picked":["Berserk","Feed"],"picked":"Impervious","floor":16.0},{"not_picked":["Sword Boomerang","Wild Strike"],"picked":"Second Wind+1","floor":18.0},{"not_picked":["Cleave","Sword Boomerang","Carnage"],"picked":"SKIP","floor":24},{"not_picked":["Limit Break","Heavy Blade"],"picked":"Shrug It Off","floor":27},{"not_picked":["Iron Wave","True Grit"],"picked":"Shrug It Off","floor":28},{"not_picked":["Rampage+1","Thunderclap"],"picked":"Battle Trance","floor":29},{"not_picked":["Intimidate","Second Wind"],"picked":"Burning Pact","floor":30},{"not_picked":["Pommel Strike","Double Tap","Thunderclap"],"picked":"SKIP","floor":31},{"not_picked":["Berserk","Feed"],"picked":"Demon Form","floor":33},{"not_picked":["Clash","Clothesline","Cleave"],"picked":"SKIP","floor":35},{"not_picked":["Sword Boomerang","Heavy Blade","Warcry"],"picked":"SKIP","floor":38},{"not_picked":["Battle Trance","Cleave"],"picked":"Clothesline+1","floor":39},{"not_picked":["Inflame","Sever Soul","Perfected Strike+1"],"picked":"SKIP","floor":40},{"not_picked":["Searing Blow","Brutality","Uppercut+1"],"picked":"SKIP","floor":45},{"not_picked":["Headbutt","Wild Strike+1","Clash"],"picked":"SKIP","floor":47},{"not_picked":["Clash","Pommel Strike","Flex+1"],"picked":"SKIP","floor":48},{"not_picked":["Cleave","Warcry+1"],"picked":"Entrench+1","floor":55}],"player_experience":2482627,"relics_obtained":[{"floor":6.0,"key":"Magic Flower"},{"floor":9.0,"key":"InkBottle"},{"floor":11.0,"key":"Red Skull"},{"floor":13.0,"key":"Art of War"},{"floor":20.0,"key":"Nilry\u0027s Codex"},{"floor":24,"key":"Gremlin Horn"},{"floor":26,"key":"Eternal Feather"},{"floor":29,"key":"Blood Vial"},{"floor":31,"key":"Pantograph"},{"floor":40,"key":"Self Forming Clay"},{"floor":40,"key":"HornCleat"},{"floor":45,"key":"Toxic Egg 2"},{"floor":45,"key":"Meat on the Bone"},{"floor":47,"key":"Bronze Scales"},{"floor":47,"key":"Old Coin"},{"floor":55,"key":"Strawberry"},{"floor":55,"key":"Blue Candle"}],"event_choices":[{"damage_healed":0.0,"max_hp_gain":0.0,"max_hp_loss":0.0,"gold_gain":0.0,"event_name":"Accursed Blacksmith","player_choice":"Rummage","floor":4.0,"gold_loss":0.0,"damage_taken":0.0,"relics_obtained":["WarpedTongs"],"cards_obtained":["Pain"]},{"damage_healed":0.0,"max_hp_gain":0.0,"max_hp_loss":0.0,"gold_gain":0.0,"event_name":"Cursed Tome","player_choice":"Obtained Book","floor":20.0,"gold_loss":0.0,"damage_taken":21.0},{"damage_healed":0.0,"max_hp_gain":0.0,"max_hp_loss":0.0,"gold_gain":0.0,"event_name":"The Mausoleum","player_choice":"Ignored","floor":21.0,"gold_loss":0.0,"damage_taken":0.0},{"damage_healed":0.0,"max_hp_gain":0.0,"max_hp_loss":0.0,"gold_gain":0.0,"event_name":"Ghosts","player_choice":"Ignored","floor":22.0,"gold_loss":0.0,"damage_taken":0.0},{"cards_removed":["Strike_R"],"damage_healed":0,"gold_gain":0,"player_choice":"Removed Attack","damage_taken":0,"max_hp_gain":0,"max_hp_loss":0,"event_name":"Falling","floor":37,"gold_loss":0},{"cards_removed":["Strike_R"],"damage_healed":0,"gold_gain":0,"player_choice":"Purged","damage_taken":0,"max_hp_gain":0,"max_hp_loss":0,"event_name":"Purifier","floor":42,"gold_loss":0}],"is_beta":false,"boss_relics":[{"not_picked":["Sozu","SacredBark"],"picked":"Snecko Eye"},{"not_picked":["Runic Pyramid","Runic Cube"],"picked":"Black Star"}],"items_purged_floors":[7],"is_endless":false,"potions_floor_spawned":[2,6,12,14,30,31,39,40,47],"ascension_level":20}