{"gold_per_floor":[119,130,142,142,152,177,207,207,207,233,91,91],"floor_reached":12,"playtime":870,"items_purged":["Strike_R"],"score":113,"play_id":"07d50802-fa47-4488-be94-c5f55ddb5b60","local_time":"20210523175331","is_ascension_mode":true,"campfire_choices":[{"floor":8,"key":"REST"}],"neow_cost":"TEN_PERCENT_HP_LOSS","seed_source_timestamp":34386797958400,"circlet_count":0,"master_deck":["Strike_R","Strike_R","Strike_R","Strike_R","Defend_R","Defend_R","Defend_R","Defend_R","Bash","Pummel","Infernal Blade","Hemokinesis","Limit Break","Flame Barrier"],"relics":["Burning Blood","WingedGreaves","Regal Pillow","Calipers","Gremlin Horn","Frozen Egg 2"],"potions_floor_usage":[6,6,6,7,12],"damage_taken":[{"damage":6,"enemies":"Cultist","floor":1,"turns":3},{"damage":4,"enemies":"2 Louse","floor":2,"turns":3},{"damage":1,"enemies":"Small Slimes","floor":3,"turns":3},{"damage":17,"enemies":"3 Louse","floor":5,"turns":3},{"damage":45,"enemies":"3 Sentries","floor":6,"turns":9},{"damage":16,"enemies":"Gremlin Nob","floor":7,"turns":3},{"damage":55,"enemies":"3 Sentries","floor":10,"turns":11},{"damage":20,"enemies":"Exordium Thugs","floor":12,"turns":3}],"seed_played":"-2086327947697120780","potions_obtained":[{"floor":3,"key":"EntropicBrew"},{"floor":5,"key":"Fire Potion"},{"floor":10,"key":"ElixirPotion"}],"is_trial":false,"path_per_floor":["M","M","M","?","M","E","E","R","T","E","$","M"],"character_chosen":"IRONCLAD","items_purchased":["Flame Barrier"],"campfire_rested":1,"item_purchase_floors":[11],"current_hp_per_floor":[72,72,72,72,61,37,27,63,63,14,14,0],"gold":91,"neow_bonus":"ONE_RARE_RELIC","is_prod":false,"is_daily":false,"chose_seed":false,"campfire_upgraded":0,"win_rate":0,"timestamp":1621810411,"path_taken":["M","M","?","?","M","E","E","R","T","E","$","M"],"build_version":"2020-12-22","purchased_purges":1,"victory":false,"max_hp_per_floor":[72,72,72,72,72,72,72,72,72,72,72,72],"card_choices":[{"not_picked":["Pommel Strike","Combust","Heavy Blade"],"picked":"SKIP","floor":1},{"not_picked":["Armaments","Power Through"],"picked":"Pummel","floor":2},{"not_picked":["Uppercut","Fire Breathing"],"picked":"Infernal Blade","floor":3},{"not_picked":["Warcry","Sword Boomerang","Dropkick"],"picked":"SKIP","floor":5},{"not_picked":["Wild Strike","Clash","Offering"],"picked":"SKIP","floor":6},{"not_picked":["Berserk","Clothesline"],"picked":"Hemokinesis","floor":7},{"not_picked":["Flex","Ghostly Armor"],"picked":"Limit Break","floor":10}],"player_experience":336487,"relics_obtained":[{"floor":6,"key":"Regal Pillow"},{"floor":7,"key":"Calipers"},{"floor":9,"key":"Gremlin Horn"},{"floor":10,"key":"Frozen Egg 2"}],"event_choices":[{"damage_healed":0,"gold_gain":0,"player_choice":"Ignored","damage_taken":0,"max_hp_gain":0,"max_hp_loss":0,"event_name":"Liars Game","floor":4,"gold_loss":0}],"is_beta":false,"boss_relics":[],"items_purged_floors":[11],"is_endless":false,"potions_floor_spawned":[3,5,10],"killed_by":"Exordium Thugs","ascension_level":3}