{"gold_per_floor":[109,123,123,138,155,155,189,206,206,221,221],"floor_reached":11,"playtime":576,"items_purged":[],"score":100,"play_id":"02457771-efac-4851-9ef1-9b1abf0a1c92","local_time":"20211008215633","is_ascension_mode":true,"campfire_choices":[{"data":"Perfected Strike","floor":6,"key":"SMITH"}],"neow_cost":"NONE","seed_source_timestamp":17468733161900,"circlet_count":0,"master_deck":["Strike_R","Strike_R","Strike_R","Strike_R+1","Strike_R","Defend_R","Defend_R","Defend_R","Defend_R","Bash","Clothesline+1","Flex","Perfected Strike+1","Battle Trance","Metallicize","Reaper","Armaments"],"relics":["Burning Blood","Tiny Chest","Shuriken"],"potions_floor_usage":[2],"damage_taken":[{"damage":3,"enemies":"2 Louse","floor":1,"turns":3},{"damage":4,"enemies":"Jaw Worm","floor":2,"turns":3},{"damage":0,"enemies":"Cultist","floor":4,"turns":2},{"damage":30,"enemies":"Gremlin Gang","floor":5,"turns":5},{"damage":20,"enemies":"Lagavulin","floor":7,"turns":6},{"damage":6,"enemies":"2 Fungi Beasts","floor":8,"turns":4},{"damage":24,"enemies":"Exordium Wildlife","floor":10,"turns":6}],"seed_played":"-9187138325513288584","potions_obtained":[{"floor":1,"key":"SneckoOil"},{"floor":2,"key":"Weak Potion"},{"floor":10,"key":"Fire Potion"}],"is_trial":false,"path_per_floor":["M","M","?","M","M","R","E","M","T","M","?"],"character_chosen":"IRONCLAD","items_purchased":[],"campfire_rested":0,"item_purchase_floors":[],"current_hp_per_floor":[83,85,67,73,49,49,35,35,35,23,0],"gold":221,"neow_bonus":"TEN_PERCENT_HP_BONUS","is_prod":false,"is_daily":false,"chose_seed":false,"campfire_upgraded":1,"win_rate":0,"timestamp":1633748193,"path_taken":["M","M","?","M","M","R","E","M","T","M","?"],"build_version":"2020-12-22","purchased_purges":0,"victory":false,"max_hp_per_floor":[88,88,88,88,88,88,88,88,88,88,88],"card_choices":[{"not_picked":["Thunderclap","Dropkick"],"picked":"Clothesline","floor":1},{"not_picked":["Thunderclap","Fire Breathing"],"picked":"Flex","floor":2},{"not_picked":["Sword Boomerang","Reckless Charge"],"picked":"Perfected Strike","floor":4},{"not_picked":["Second Wind","Cleave"],"picked":"Battle Trance","floor":5},{"not_picked":["Thunderclap","Pummel"],"picked":"Metallicize","floor":7},{"not_picked":["Evolve","Feel No Pain"],"picked":"Reaper","floor":8},{"not_picked":["Entrench","Anger"],"picked":"Armaments","floor":10}],"player_experience":362187,"relics_obtained":[{"floor":7,"key":"Tiny Chest"},{"floor":9,"key":"Shuriken"}],"event_choices":[{"damage_healed":0,"gold_gain":0,"player_choice":"Entered Light","damage_taken":18,"max_hp_gain":0,"max_hp_loss":0,"event_name":"Shining Light","floor":3,"gold_loss":0,"cards_upgraded":["Strike_R","Clothesline"]}],"is_beta":false,"boss_relics":[],"items_purged_floors":[],"is_endless":false,"potions_floor_spawned":[1,2,10],"ascension_level":6}