{"gold_per_floor":[114,134,149,161,171,171,197,197,197,197,224,299,312,328,328,427,427,427,427,352,60,60,60,60,60,60,60,60,60,60,60,60,60,60,60,60,60,0,0,0,0,0,0,0,0,0,0,0,0,0,0,0,0,0,0],"floor_reached":56,"playtime":4836,"items_purged":[],"score":1603,"play_id":"8f964a21-8ae9-4bb5-b307-19f01c3bbda3","local_time":"20211122213004","is_ascension_mode":true,"campfire_choices":[{"floor":6.0,"key":"REST"},{"data":"Armaments","floor":8.0,"key":"SMITH"},{"data":"Twin Strike","floor":10.0,"key":"SMITH"},{"data":"Pommel Strike","floor":15.0,"key":"SMITH"},{"data":"Corruption","floor":24.0,"key":"SMITH"},{"data":"Feel No Pain","floor":32.0,"key":"SMITH"},{"data":"Juggernaut","floor":40,"key":"SMITH"},{"data":"Feel No Pain","floor":45,"key":"SMITH"},{"data":"Fiend Fire","floor":47,"key":"SMITH"},{"floor":49,"key":"RECALL"},{"data":"Inflame","floor":52,"key":"SMITH"}],"neow_cost":"PERCENT_DAMAGE","seed_source_timestamp":21198050091800,"circlet_count":0,"master_deck":["Defend_R","Defend_R","Defend_R","Defend_R","Bash","Armaments+1","Twin Strike+1","Iron Wave","Inflame+1","Intimidate","Flex","Limit Break","Pommel Strike+1","Juggernaut+1","Corruption+1","Inflame+1","Spot Weakness","Feel No Pain+1","Limit Break","Burning Pact+1","Dark Embrace+1","Shrug It Off","Shame","Feel No Pain+1","Burning Pact+1","Bite","Bite","Bite","Bite","Bite","Fiend Fire+1","Entrench","Madness","Madness","Heavy Blade+1","Flame Barrier+1","Impervious","Shrug It Off+1","Sentinel+1","Sentinel+1","Spot Weakness+1","True Grit+1"],"special_seed":0,"relics":["Burning Blood","Ginger","Eternal Feather","Bird Faced Urn","Letter Opener","Ectoplasm","DollysMirror","Happy Flower","Turnip","Orichalcum","Potion Belt","Regal Pillow","Pantograph","Runic Pyramid","Mango","Red Mask","Prayer Wheel","Anchor","Paper Frog","Charon\u0027s Ashes"],"potions_floor_usage":[39,55,55,55],"damage_taken":[{"damage":18.0,"enemies":"Jaw Worm","floor":1.0,"turns":4.0},{"damage":6.0,"enemies":"2 Louse","floor":2.0,"turns":4.0},{"damage":0.0,"enemies":"Small Slimes","floor":3.0,"turns":3.0},{"damage":7.0,"enemies":"Looter","floor":4.0,"turns":3.0},{"damage":23.0,"enemies":"Large Slime","floor":5.0,"turns":9.0},{"damage":15.0,"enemies":"3 Sentries","floor":7.0,"turns":5.0},{"damage":32.0,"enemies":"Gremlin Nob","floor":11.0,"turns":5.0},{"damage":2.0,"enemies":"2 Fungi Beasts","floor":13.0,"turns":4.0},{"damage":4.0,"enemies":"Looter","floor":14.0,"turns":3.0},{"damage":26.0,"enemies":"Slime Boss","floor":16.0,"turns":9.0},{"damage":0.0,"enemies":"Chosen","floor":18.0,"turns":4.0},{"damage":31.0,"enemies":"2 Thieves","floor":20.0,"turns":4.0},{"damage":34.0,"enemies":"Centurion and Healer","floor":22.0,"turns":5.0},{"damage":50.0,"enemies":"Slavers","floor":23.0,"turns":6.0},{"damage":28.0,"enemies":"Gremlin Leader","floor":25.0,"turns":4.0},{"damage":19.0,"enemies":"Slavers","floor":27.0,"turns":3.0},{"damage":23.0,"enemies":"Snake Plant","floor":29.0,"turns":3.0},{"damage":14.0,"enemies":"Book of Stabbing","floor":30.0,"turns":4.0},{"damage":13.0,"enemies":"Champ","floor":33.0,"turns":6.0},{"damage":22.0,"enemies":"3 Darklings","floor":35.0,"turns":5.0},{"damage":0.0,"enemies":"Mind Bloom Boss Battle","floor":37.0,"turns":4.0},{"damage":77,"enemies":"2 Orb Walkers","floor":39,"turns":6},{"damage":19,"enemies":"Nemesis","floor":41,"turns":5},{"damage":2,"enemies":"Orb Walker","floor":42,"turns":2},{"damage":2,"enemies":"Sphere and 2 Shapes","floor":46,"turns":4},{"damage":34,"enemies":"Transient","floor":48,"turns":5},{"damage":33,"enemies":"Time Eater","floor":50,"turns":5},{"damage":44,"enemies":"Shield and Spear","floor":54,"turns":5},{"damage":4,"enemies":"The Heart","floor":55,"turns":5}],"seed_played":"3755559626136552328","potions_obtained":[{"floor":5.0,"key":"Strength Potion"},{"floor":11.0,"key":"BloodPotion"},{"floor":14.0,"key":"ColorlessPotion"},{"floor":16.0,"key":"Energy Potion"},{"floor":18.0,"key":"DuplicationPotion"},{"floor":20.0,"key":"Fruit Juice"},{"floor":23.0,"key":"Energy Potion"},{"floor":25.0,"key":"ColorlessPotion"},{"floor":35.0,"key":"EssenceOfSteel"},{"floor":37.0,"key":"SteroidPotion"},{"floor":42,"key":"CultistPotion"},{"floor":54,"key":"FearPotion"}],"is_trial":false,"path_per_floor":["M","M","M","M","M","R","E","R","T","R","E","?","M","M","R","B",null,"M","?","M","$","M","E","R","E","T","E","?","M","E","?","R","B",null,"M","?","?","?","?","R","E","M","T","$","R","M","R","M","R","B",null,"R","$","E","B",null],"character_chosen":"IRONCLAD","items_purchased":["DollysMirror","Happy Flower"],"campfire_rested":1,"item_purchase_floors":[21,21],"current_hp_per_floor":[39,39,45,44,27,51,42,51,51,60,36,25,31,33,42,28,67,75,75,72,77,55,21,36,24,24,21,21,16,18,18,36,59,59,57,50,73,73,22,43,52,62,62,62,73,73,73,46,70,54,68,73,73,45,73],"gold":0,"neow_bonus":"ONE_RARE_RELIC","is_prod":false,"is_daily":false,"chose_seed":false,"campfire_upgraded":9,"win_rate":0,"timestamp":1637638204,"path_taken":["M","M","M","M","M","R","E","R","T","R","E","?","M","M","R","BOSS","M","?","M","$","M","E","R","E","T","E","?","M","E","?","R","BOSS","M","?","?","?","?","R","E","M","T","?","R","?","R","M","R","BOSS","R","$","E","BOSS"],"build_version":"2020-12-22","purchased_purges":0,"victory":true,"max_hp_per_floor":[80,80,80,80,80,80,80,80,80,80,80,80,80,80,80,80,80,80,80,80,85,85,85,85,85,85,85,85,85,85,59,59,59,59,59,59,73,73,73,73,73,73,73,73,73,73,73,73,73,73,73,73,73,73,73],"card_choices":[{"not_picked":["Heavy Blade","Burning Pact"],"picked":"Armaments","floor":1.0},{"not_picked":["Intimidate","Flex"],"picked":"Twin Strike","floor":2.0},{"not_picked":["Thunderclap","Warcry"],"picked":"Iron Wave","floor":3.0},{"not_picked":["Havoc","Perfected Strike"],"picked":"Inflame","floor":4.0},{"not_picked":["Heavy Blade","Fire Breathing"],"picked":"Intimidate","floor":5.0},{"not_picked":["Wild Strike","Clash"],"picked":"Flex","floor":7.0},{"not_picked":["Burning Pact","Clash"],"picked":"Limit Break","floor":11.0},{"not_picked":["Wild Strike","Clash"],"picked":"Pommel Strike","floor":13.0},{"not_picked":["Shrug It Off","Blood for Blood"],"picked":"Juggernaut","floor":14.0},{"not_picked":["Immolate","Impervious"],"picked":"Corruption","floor":16.0},{"not_picked":["Body Slam","Clothesline+1"],"picked":"Inflame+1","floor":18.0},{"not_picked":["Sword Boomerang","Perfected Strike+1"],"picked":"Feel No Pain","floor":20.0},{"not_picked":["Dropkick","Infernal Blade","Rage+1"],"picked":"SKIP","floor":22.0},{"not_picked":["Infernal Blade","Pommel Strike"],"picked":"Burning Pact+1","floor":23.0},{"not_picked":["Burning Pact","Reaper"],"picked":"Dark Embrace+1","floor":25.0},{"not_picked":["Perfected Strike","Fire Breathing+1"],"picked":"Shrug It Off","floor":27.0},{"not_picked":["Combust","Dropkick"],"picked":"Feel No Pain","floor":29.0},{"not_picked":["Perfected Strike+1","Wild Strike"],"picked":"Burning Pact+1","floor":30.0},{"not_picked":["Reaper","Demon Form"],"picked":"Fiend Fire","floor":33.0},{"not_picked":["Clothesline+1","Cleave"],"picked":"Entrench","floor":35.0},{"not_picked":["Sword Boomerang+1","Clothesline"],"picked":"Heavy Blade+1","floor":37.0},{"not_picked":["Battle Trance+1","Armaments+1"],"picked":"Flame Barrier+1","floor":39},{"not_picked":["Cleave+1","Bloodletting"],"picked":"Impervious","floor":41},{"not_picked":["Body Slam","Wild Strike+1"],"picked":"Shrug It Off+1","floor":42},{"not_picked":["Flex","Warcry"],"picked":"Sentinel+1","floor":42},{"not_picked":["Wild Strike+1","Heavy Blade","Warcry+1"],"picked":"SKIP","floor":46},{"not_picked":["Burning Pact","Dark Embrace+1","Dual Wield+1"],"picked":"SKIP","floor":46},{"not_picked":["Blood for Blood","Infernal Blade"],"picked":"Sentinel+1","floor":48},{"not_picked":["Dropkick+1","Inflame"],"picked":"Spot Weakness+1","floor":48},{"not_picked":["Blood for Blood","Inflame"],"picked":"True Grit+1","floor":54}],"player_experience":368637,"relics_obtained":[{"floor":7.0,"key":"Eternal Feather"},{"floor":9.0,"key":"Bird Faced Urn"},{"floor":11.0,"key":"Letter Opener"},{"floor":23.0,"key":"Turnip"},{"floor":25.0,"key":"Orichalcum"},{"floor":27.0,"key":"Potion Belt"},{"floor":30.0,"key":"Pantograph"},{"floor":37.0,"key":"Mango"},{"floor":39,"key":"Prayer Wheel"},{"floor":41,"key":"Anchor"},{"floor":43,"key":"Paper Frog"},{"floor":54,"key":"Charon\u0027s Ashes"}],"event_choices":[{"damage_healed":0.0,"max_hp_gain":0.0,"max_hp_loss":0.0,"gold_gain":75.0,"event_name":"World of Goop","player_choice":"Gather Gold","floor":12.0,"gold_loss":0.0,"damage_taken":11.0},{"damage_healed":0.0,"max_hp_gain":0.0,"max_hp_loss":0.0,"gold_gain":0.0,"event_name":"The Library","player_choice":"Read","floor":19.0,"gold_loss":0.0,"damage_taken":0.0,"cards_obtained":["Spot Weakness"]},{"damage_healed":0.0,"max_hp_gain":0.0,"max_hp_loss":0.0,"gold_gain":0.0,"event_name":"Addict","player_choice":"Stole Relic","floor":28.0,"gold_loss":0.0,"damage_taken":0.0,"relics_obtained":["Regal Pillow"],"cards_obtained":["Shame"]},{"damage_healed":0.0,"max_hp_gain":0.0,"max_hp_loss":26.0,"gold_gain":0.0,"event_name":"Vampires","player_choice":"Became a vampire","floor":31.0,"gold_loss":0.0,"damage_taken":0.0,"cards_obtained":["Bite","Bite","Bite","Bite","Bite"]},{"damage_healed":0.0,"max_hp_gain":0.0,"max_hp_loss":0.0,"gold_gain":0.0,"event_name":"Winding Halls","player_choice":"Embrace Madness","floor":36.0,"gold_loss":0.0,"damage_taken":7.0,"cards_obtained":["Madness","Madness"]},{"damage_healed":0.0,"max_hp_gain":0.0,"max_hp_loss":0.0,"gold_gain":0.0,"event_name":"MindBloom","player_choice":"Fight","floor":37.0,"gold_loss":0.0,"damage_taken":0.0},{"damage_healed":0.0,"max_hp_gain":0.0,"max_hp_loss":0.0,"gold_gain":0.0,"event_name":"Tomb of Lord Red Mask","player_choice":"Paid","floor":38.0,"gold_loss":60.0,"damage_taken":0.0,"relics_obtained":["Red Mask"]},{"damage_healed":0,"gold_gain":0,"player_choice":"Fight","damage_taken":0,"max_hp_gain":0,"max_hp_loss":0,"event_name":"Mysterious Sphere","floor":39,"gold_loss":0}],"is_beta":false,"boss_relics":[{"not_picked":["SacredBark","Calling Bell"],"picked":"Ectoplasm"},{"not_picked":["Snecko Eye","Black Blood"],"picked":"Runic Pyramid"}],"items_purged_floors":[],"is_endless":false,"potions_floor_spawned":[5,11,14,16,18,20,23,25,35,37,42,54],"ascension_level":7}