{"gold_per_floor":[367,542,556,5,5,36,36,69,95,95,152,152,187,234,234,331,331,349,365,384,103,123,152,164,204,216,255,277,324,349,392,404,516,528,550,576,588,617,9,9,38,38,85,97,114,147,163,163,163,163,163,163,61,93,93],"floor_reached":56,"playtime":4665,"items_purged":["Doubt","Doubt","Strike_R"],"score":1776,"play_id":"4c3ec704-35aa-4d8e-ae77-598536ae4bfa","local_time":"20211121222506","is_ascension_mode":true,"campfire_choices":[{"data":"Feed","floor":7,"key":"SMITH"},{"floor":10,"key":"REST"},{"data":"Defend_R","floor":12,"key":"SMITH"},{"floor":15,"key":"REST"},{"data":"Rampage","floor":24,"key":"SMITH"},{"data":"Shockwave","floor":32,"key":"SMITH"},{"data":"Heavy Blade","floor":40,"key":"SMITH"},{"floor":42,"key":"RECALL"},{"data":"Heavy Blade","floor":49,"key":"SMITH"},{"data":"Armaments","floor":52,"key":"SMITH"}],"neow_cost":"CURSE","seed_source_timestamp":9695531899100,"circlet_count":0,"master_deck":["Strike_R","Strike_R","Strike_R+1","Strike_R+1","Defend_R","Defend_R","Defend_R","Defend_R+1","Bash","Perfected Strike","Armaments","Feed+1","Flex","Flame Barrier","Shrug It Off","Corruption","Perfected Strike","Rampage+1","Dark Embrace","Blood for Blood","Bloodletting","Shockwave+1","Armaments+1","Entrench","Reaper","Disarm+1","Heavy Blade+1","Combust+1","Heavy Blade+1","Armaments+1","Disarm+1","Barricade+1"],"relics":["Burning Blood","Vajra","Matryoshka","Bronze Scales","Happy Flower","Pen Nib","Centennial Puzzle","Toy Ornithopter","Whetstone","Tiny Chest","Potion Belt","Dream Catcher","Snecko Eye","Brimstone","MawBank","Red Mask","PreservedInsect","Letter Opener","Mercury Hourglass","Frozen Egg 2","Runic Pyramid","TungstenRod","Sling","Oddly Smooth Stone","Kunai","Toxic Egg 2","Blue Candle"],"potions_floor_usage":[11,16,23,23,30,31,33,50,50,55,55,55,55],"damage_taken":[{"damage":0,"enemies":"2 Louse","floor":1,"turns":2},{"damage":4,"enemies":"Small Slimes","floor":3,"turns":4},{"damage":41,"enemies":"Gremlin Nob","floor":6,"turns":5},{"damage":28,"enemies":"3 Sentries","floor":8,"turns":7},{"damage":27,"enemies":"Lagavulin Event","floor":11,"turns":6},{"damage":25,"enemies":"Lagavulin","floor":13,"turns":7},{"damage":0,"enemies":"Slime Boss","floor":16,"turns":8},{"damage":3,"enemies":"3 Byrds","floor":18,"turns":3},{"damage":4,"enemies":"Chosen","floor":19,"turns":4},{"damage":3,"enemies":"Snecko","floor":20,"turns":5},{"damage":10,"enemies":"Centurion and Healer","floor":22,"turns":2},{"damage":17,"enemies":"Slavers","floor":23,"turns":3},{"damage":12,"enemies":"Masked Bandits","floor":25,"turns":3},{"damage":24,"enemies":"Book of Stabbing","floor":27,"turns":4},{"damage":11,"enemies":"Shelled Parasite and Fungi","floor":28,"turns":4},{"damage":39,"enemies":"Gremlin Leader","floor":29,"turns":4},{"damage":2,"enemies":"Snecko","floor":30,"turns":4},{"damage":3,"enemies":"Book of Stabbing","floor":31,"turns":2},{"damage":14,"enemies":"Champ","floor":33,"turns":6},{"damage":12,"enemies":"3 Darklings","floor":35,"turns":3},{"damage":23,"enemies":"3 Shapes","floor":36,"turns":5},{"damage":4,"enemies":"Writhing Mass","floor":38,"turns":3},{"damage":3,"enemies":"Reptomancer","floor":41,"turns":3},{"damage":0,"enemies":"Maw","floor":44,"turns":5},{"damage":5,"enemies":"4 Shapes","floor":45,"turns":2},{"damage":8,"enemies":"Giant Head","floor":46,"turns":5},{"damage":5,"enemies":"Writhing Mass","floor":47,"turns":4},{"damage":65,"enemies":"Awakened One","floor":50,"turns":9},{"damage":52,"enemies":"Shield and Spear","floor":54,"turns":4},{"damage":43,"enemies":"The Heart","floor":55,"turns":7}],"seed_played":"4354751478189056328","potions_obtained":[{"floor":6,"key":"Dexterity Potion"},{"floor":8,"key":"DuplicationPotion"},{"floor":11,"key":"SpeedPotion"},{"floor":16,"key":"Regen Potion"},{"floor":18,"key":"Fire Potion"},{"floor":19,"key":"AttackPotion"},{"floor":20,"key":"Explosive Potion"},{"floor":25,"key":"Ancient Potion"},{"floor":28,"key":"Block Potion"},{"floor":31,"key":"SteroidPotion"},{"floor":33,"key":"Fruit Juice"},{"floor":36,"key":"GamblersBrew"}],"is_trial":false,"path_per_floor":["M","?","M","$","?","E","R","E","T","R","?","R","E","T","R","B",null,"M","M","M","$","M","E","R","?","T","E","M","E","M","E","R","B",null,"M","M","?","M","$","R","E","R","T","M","M","E","M","T","R","B",null,"R","$","E","B",null],"character_chosen":"IRONCLAD","items_purchased":["Feed","Vajra","Matryoshka","Dark Embrace","Brimstone","TungstenRod","Heavy Blade","Sling","AttackPotion","SkillPotion"],"campfire_rested":2,"item_purchase_floors":[4,4,4,21,21,39,39,39,53,53],"current_hp_per_floor":[78,78,80,80,68,36,36,18,18,44,32,32,13,13,40,55,85,92,94,97,97,97,96,96,94,94,80,79,50,75,87,87,93,128,138,134,134,140,140,140,156,156,156,160,164,168,168,168,168,148,166,166,166,130,131],"gold":93,"neow_bonus":"TWO_FIFTY_GOLD","is_prod":false,"is_daily":false,"chose_seed":false,"campfire_upgraded":7,"win_rate":0,"timestamp":1637555106,"path_taken":["M","?","M","$","?","E","R","E","T","R","?","R","E","?","R","BOSS","M","M","M","$","M","E","R","?","T","E","M","E","M","E","R","BOSS","M","M","?","M","$","R","E","R","T","M","M","E","M","?","R","BOSS","R","$","E","BOSS"],"build_version":"2020-12-22","purchased_purges":3,"victory":true,"max_hp_per_floor":[80,80,80,80,80,83,83,87,87,87,91,91,91,91,91,95,95,99,99,99,99,103,107,107,111,111,115,119,123,127,131,131,140,140,144,148,148,152,152,152,156,156,156,160,164,168,168,168,168,172,172,172,172,176,176],"card_choices":[{"not_picked":["Iron Wave","Sword Boomerang"],"picked":"Perfected Strike","floor":1},{"not_picked":["Power Through","Rage"],"picked":"Armaments","floor":3},{"not_picked":["Heavy Blade","Offering"],"picked":"Flex","floor":6},{"not_picked":["Heavy Blade","Shrug It Off"],"picked":"Fire Breathing","floor":8},{"not_picked":["Thunderclap","Blood for Blood"],"picked":"Flame Barrier","floor":13},{"not_picked":["Metallicize","Flex"],"picked":"Shrug It Off","floor":15},{"not_picked":["Barricade","Reaper"],"picked":"Corruption","floor":16},{"not_picked":["Twin Strike+1","Flex","Clash+1"],"picked":"SKIP","floor":18},{"not_picked":["Searing Blow","Clash"],"picked":"Perfected Strike","floor":19},{"not_picked":["Body Slam","Battle Trance"],"picked":"Rampage","floor":20},{"not_picked":["Burning Pact","Thunderclap+1"],"picked":"Blood for Blood","floor":22},{"not_picked":["Twin Strike","Havoc+1"],"picked":"Bloodletting","floor":23},{"not_picked":["Combust","Second Wind"],"picked":"Shockwave","floor":27},{"not_picked":["Sword Boomerang","Searing Blow+1"],"picked":"Armaments","floor":28},{"not_picked":["Corruption","Sever Soul","Power Through+1"],"picked":"SKIP","floor":29},{"not_picked":["Anger+1","Iron Wave+1","Infernal Blade"],"picked":"SKIP","floor":30},{"not_picked":["Hemokinesis","Body Slam"],"picked":"Entrench","floor":31},{"not_picked":["Feed","Juggernaut+1"],"picked":"Reaper","floor":33},{"not_picked":["Headbutt+1","Dropkick","Anger+1"],"picked":"SKIP","floor":35},{"not_picked":["Warcry","Iron Wave+1","Thunderclap"],"picked":"SKIP","floor":36},{"not_picked":["Flex","Anger"],"picked":"Disarm+1","floor":38},{"not_picked":["Pommel Strike","Thunderclap"],"picked":"Combust+1","floor":41},{"not_picked":["Shrug It Off+1","Juggernaut+1"],"picked":"Heavy Blade","floor":44},{"not_picked":["Twin Strike","Wild Strike+1","Carnage"],"picked":"SKIP","floor":45},{"not_picked":["Shrug It Off+1","Fire Breathing+1"],"picked":"Armaments+1","floor":46},{"not_picked":["Twin Strike+1","Cleave"],"picked":"Disarm+1","floor":47},{"not_picked":["Fiend Fire","Entrench+1"],"picked":"Barricade+1","floor":54}],"player_experience":363972,"relics_obtained":[{"floor":6,"key":"Happy Flower"},{"floor":8,"key":"Pen Nib"},{"floor":9,"key":"Centennial Puzzle"},{"floor":9,"key":"Toy Ornithopter"},{"floor":11,"key":"Whetstone"},{"floor":13,"key":"Tiny Chest"},{"floor":14,"key":"Potion Belt"},{"floor":14,"key":"Dream Catcher"},{"floor":23,"key":"MawBank"},{"floor":25,"key":"Red Mask"},{"floor":26,"key":"PreservedInsect"},{"floor":27,"key":"Letter Opener"},{"floor":29,"key":"Mercury Hourglass"},{"floor":31,"key":"Frozen Egg 2"},{"floor":41,"key":"Oddly Smooth Stone"},{"floor":46,"key":"Kunai"},{"floor":48,"key":"Toxic Egg 2"},{"floor":54,"key":"Blue Candle"}],"event_choices":[{"damage_healed":0,"gold_gain":175,"player_choice":"AGREE","damage_taken":0,"max_hp_gain":0,"max_hp_loss":0,"event_name":"Liars Game","floor":2,"gold_loss":0,"cards_obtained":["Doubt"]},{"damage_healed":0,"gold_gain":0,"player_choice":"Success","damage_taken":12,"relics_obtained":["Bronze Scales"],"max_hp_gain":0,"max_hp_loss":0,"event_name":"Scrap Ooze","floor":5,"gold_loss":0},{"damage_healed":0,"gold_gain":0,"player_choice":"Searched \u00272\u0027 times","damage_taken":0,"max_hp_gain":0,"max_hp_loss":0,"event_name":"Dead Adventurer","floor":11,"gold_loss":0},{"damage_healed":0,"gold_gain":0,"player_choice":"Fought Bandits","damage_taken":0,"max_hp_gain":0,"max_hp_loss":0,"event_name":"Masked Bandits","floor":25,"gold_loss":0},{"cards_removed":["Fire Breathing"],"damage_healed":0,"gold_gain":0,"player_choice":"Removed Power","damage_taken":0,"max_hp_gain":0,"max_hp_loss":0,"event_name":"Falling","floor":37,"gold_loss":0}],"is_beta":false,"boss_relics":[{"not_picked":["Runic Dome","Runic Cube"],"picked":"Snecko Eye"},{"not_picked":["Black Star","Astrolabe"],"picked":"Runic Pyramid"}],"items_purged_floors":[4,21,39],"is_endless":false,"potions_floor_spawned":[6,8,11,16,18,19,20,25,28,31,33,36,38,41],"ascension_level":6}