{"gold_per_floor":[109,184,194,207,3,38,38,63,88,121,141,141,141,174,174,272,272,283,283,298,314,327,327,355,355,380,397,422,422,125,139,139,139],"floor_reached":33,"playtime":2061,"items_purged":["Strike_R"],"score":498,"play_id":"08125d4b-b7c7-4bb2-b8e1-6b79ddcf3a29","local_time":"20211207225832","is_ascension_mode":true,"campfire_choices":[{"data":"Carnage","floor":7,"key":"SMITH"},{"data":"Immolate","floor":13,"key":"SMITH"},{"data":"Demon Form","floor":15,"key":"SMITH"},{"data":"Feed","floor":23,"key":"SMITH"},{"data":"Shrug It Off","floor":25,"key":"SMITH"},{"data":"Power Through","floor":32,"key":"SMITH"}],"neow_cost":"NONE","seed_source_timestamp":11639030182100,"circlet_count":0,"master_deck":["AscendersBane","Strike_R","Strike_R","Defend_R","Defend_R","Defend_R","Defend_R","Bash","Pommel Strike","Carnage+1","Power Through+1","Pommel Strike","Demon Form+1","Immolate+1","True Grit","Feed+1","Sword Boomerang+1","Headbutt+1","Shrug It Off+1","Flex","Body Slam+1"],"relics":["Burning Blood","Strawberry","Sling","Toy Ornithopter","Regal Pillow","Blood Vial","Nunchaku","Potion Belt","Velvet Choker","Shuriken","Smiling Mask","Meat on the Bone","Bottled Flame"],"potions_floor_usage":[6,6,24,24,33,33,33],"damage_taken":[{"damage":3,"enemies":"Jaw Worm","floor":1,"turns":5},{"damage":1,"enemies":"2 Louse","floor":3,"turns":3},{"damage":1,"enemies":"Cultist","floor":4,"turns":3},{"damage":5,"enemies":"3 Sentries","floor":6,"turns":6},{"damage":31,"enemies":"Lagavulin","floor":8,"turns":8},{"damage":16,"enemies":"Gremlin Nob","floor":10,"turns":3},{"damage":6,"enemies":"Looter","floor":11,"turns":2},{"damage":15,"enemies":"Lagavulin","floor":14,"turns":5},{"damage":23,"enemies":"The Guardian","floor":16,"turns":8},{"damage":17,"enemies":"Spheric Guardian","floor":18,"turns":5},{"damage":13,"enemies":"Shell Parasite","floor":20,"turns":6},{"damage":0,"enemies":"Centurion and Healer","floor":21,"turns":6},{"damage":18,"enemies":"Snecko","floor":22,"turns":4},{"damage":35,"enemies":"Book of Stabbing","floor":24,"turns":5},{"damage":24,"enemies":"Snake Plant","floor":27,"turns":2},{"damage":19,"enemies":"Gremlin Leader","floor":28,"turns":4},{"damage":0,"enemies":"Centurion and Healer","floor":31,"turns":3},{"damage":74,"enemies":"Automaton","floor":33,"turns":6}],"seed_played":"7610659233694013153","potions_obtained":[{"floor":3,"key":"Explosive Potion"},{"floor":10,"key":"Explosive Potion"},{"floor":14,"key":"SkillPotion"},{"floor":18,"key":"SteroidPotion"},{"floor":21,"key":"Strength Potion"},{"floor":31,"key":"EssenceOfSteel"}],"is_trial":false,"path_per_floor":["M","?","M","M","$","E","R","E","T","E","M","?","R","E","R","B",null,"M","?","M","M","M","R","E","R","T","M","E","?","$","M","R","B"],"character_chosen":"IRONCLAD","items_purchased":["Sling","Fire Potion","Bottled Flame"],"campfire_rested":0,"item_purchase_floors":[5,5,30],"current_hp_per_floor":[82,71,76,81,81,82,82,57,57,49,51,56,56,49,49,34,78,72,72,70,81,71,71,54,54,54,38,27,27,27,47,47,0],"gold":139,"neow_bonus":"RANDOM_COMMON_RELIC","is_prod":false,"is_daily":false,"chose_seed":false,"campfire_upgraded":6,"win_rate":0,"timestamp":1638939512,"path_taken":["M","?","M","M","$","E","R","E","T","E","M","?","R","E","R","BOSS","M","?","M","M","M","R","E","R","T","?","E","?","$","M","R","BOSS"],"build_version":"2020-12-22","purchased_purges":1,"victory":false,"max_hp_per_floor":[87,87,87,87,87,87,87,87,87,87,87,92,92,92,92,92,92,95,95,98,101,101,101,101,101,101,101,101,101,101,101,101,101],"card_choices":[{"not_picked":["Twin Strike","Spot Weakness"],"picked":"Pommel Strike","floor":1},{"not_picked":["Headbutt","Spot Weakness"],"picked":"Carnage","floor":3},{"not_picked":["Wild Strike","Blood for Blood"],"picked":"Power Through","floor":4},{"not_picked":["Reckless Charge","Twin Strike"],"picked":"Pommel Strike","floor":6},{"not_picked":["Ghostly Armor","Rampage"],"picked":"Demon Form","floor":8},{"not_picked":["Perfected Strike","Clothesline"],"picked":"Immolate","floor":10},{"not_picked":["Twin Strike","Ghostly Armor","Rupture"],"picked":"SKIP","floor":11},{"not_picked":["Pommel Strike","Clash"],"picked":"True Grit","floor":14},{"not_picked":["Demon Form","Barricade"],"picked":"Feed","floor":16},{"not_picked":["Anger","Shrug It Off"],"picked":"Sword Boomerang+1","floor":18},{"not_picked":["Twin Strike","Pommel Strike","Intimidate+1"],"picked":"SKIP","floor":20},{"not_picked":["Perfected Strike","Wild Strike"],"picked":"Headbutt+1","floor":21},{"not_picked":["Feel No Pain","Body Slam"],"picked":"Shrug It Off","floor":22},{"not_picked":["Cleave","Infernal Blade"],"picked":"Flex","floor":24},{"not_picked":["Feel No Pain+1","Seeing Red","Metallicize"],"picked":"SKIP","floor":27},{"not_picked":["Heavy Blade","Twin Strike+1","Hemokinesis"],"picked":"SKIP","floor":28},{"not_picked":["Fire Breathing","Immolate"],"picked":"Body Slam+1","floor":31}],"player_experience":402321,"relics_obtained":[{"floor":6,"key":"Toy Ornithopter"},{"floor":8,"key":"Regal Pillow"},{"floor":9,"key":"Blood Vial"},{"floor":10,"key":"Nunchaku"},{"floor":14,"key":"Potion Belt"},{"floor":24,"key":"Shuriken"},{"floor":26,"key":"Smiling Mask"},{"floor":28,"key":"Meat on the Bone"}],"event_choices":[{"damage_healed":0,"gold_gain":75,"player_choice":"Gather Gold","damage_taken":11,"max_hp_gain":0,"max_hp_loss":0,"event_name":"World of Goop","floor":2,"gold_loss":0},{"damage_healed":0,"gold_gain":0,"player_choice":"Donut","damage_taken":0,"max_hp_gain":5,"max_hp_loss":0,"event_name":"Big Fish","floor":12,"gold_loss":0},{"cards_removed":["Strike_R"],"damage_healed":0,"gold_gain":0,"player_choice":"Card Removal","damage_taken":0,"max_hp_gain":0,"max_hp_loss":0,"event_name":"Wheel of Change","floor":19,"gold_loss":0},{"cards_removed":["Strike_R"],"damage_healed":0,"gold_gain":0,"player_choice":"Purged","damage_taken":0,"max_hp_gain":0,"max_hp_loss":0,"event_name":"Purifier","floor":29,"gold_loss":0}],"is_beta":false,"boss_relics":[{"not_picked":["Astrolabe","Cursed Key"],"picked":"Velvet Choker"}],"items_purged_floors":[30],"is_endless":false,"potions_floor_spawned":[3,10,14,18,21,31],"killed_by":"Automaton","ascension_level":10}