{"gold_per_floor":[17,17,34,49,59,59,92,118,142,161,187,187,221,235,235,333,333,347,347,364,382,382,382,409,422,422,454,480,480],"floor_reached":29,"playtime":4354,"items_purged":[],"score":428,"play_id":"b5b3ae0d-2332-4adb-90c7-d654fc75aa2d","local_time":"20211205182719","is_ascension_mode":true,"campfire_choices":[{"data":"Shrug It Off","floor":6.0,"key":"SMITH"},{"data":"Rage","floor":12.0,"key":"SMITH"},{"data":"Juggernaut","floor":15.0,"key":"SMITH"},{"floor":23,"key":"REST"}],"neow_cost":"NO_GOLD","seed_source_timestamp":1750502600900,"circlet_count":0,"master_deck":["AscendersBane","Strike_R+1","Strike_R+1","Strike_R+1","Strike_R+1","Strike_R+1","Defend_R+1","Defend_R+1","Defend_R+1","Defend_R+1","Bash","Perfected Strike","Armaments","Rage+1","Shrug It Off+1","True Grit","Juggernaut+1","Juggernaut","Body Slam","Shrug It Off+1","Warcry","Entrench","Seeing Red"],"special_seed":0,"relics":["Burning Blood","Turnip","Boot","Odd Mushroom","Bronze Scales","Potion Belt","Mercury Hourglass","SlaversCollar","Question Card","InkBottle","Molten Egg 2","Regal Pillow"],"potions_floor_usage":[16,16,24,29],"damage_taken":[{"damage":5.0,"enemies":"Small Slimes","floor":1.0,"turns":4.0},{"damage":6.0,"enemies":"Cultist","floor":3.0,"turns":4.0},{"damage":4.0,"enemies":"2 Louse","floor":4.0,"turns":4.0},{"damage":0.0,"enemies":"Large Slime","floor":5.0,"turns":5.0},{"damage":26.0,"enemies":"Lagavulin","floor":7.0,"turns":9.0},{"damage":23.0,"enemies":"The Mushroom Lair","floor":8.0,"turns":6.0},{"damage":0.0,"enemies":"2 Fungi Beasts","floor":10.0,"turns":4.0},{"damage":27.0,"enemies":"3 Sentries","floor":11.0,"turns":8.0},{"damage":16.0,"enemies":"Lagavulin","floor":13.0,"turns":9.0},{"damage":0.0,"enemies":"Blue Slaver","floor":14.0,"turns":3.0},{"damage":10,"enemies":"The Guardian","floor":16,"turns":8},{"damage":18,"enemies":"Shell Parasite","floor":18,"turns":7},{"damage":22,"enemies":"Chosen","floor":20,"turns":5},{"damage":17,"enemies":"3 Cultists","floor":21,"turns":5},{"damage":8,"enemies":"Slavers","floor":24,"turns":5},{"damage":22,"enemies":"Shelled Parasite and Fungi","floor":25,"turns":6},{"damage":22,"enemies":"Gremlin Leader","floor":27,"turns":6},{"damage":17,"enemies":"Book of Stabbing","floor":29,"turns":2}],"seed_played":"3693475474011992153","potions_obtained":[{"floor":4.0,"key":"Strength Potion"},{"floor":5.0,"key":"Weak Potion"},{"floor":10.0,"key":"BlessingOfTheForge"},{"floor":11.0,"key":"Ancient Potion"},{"floor":14.0,"key":"PowerPotion"},{"floor":16,"key":"LiquidBronze"},{"floor":21,"key":"Swift Potion"},{"floor":25,"key":"Explosive Potion"}],"is_trial":false,"path_per_floor":["M","?","M","M","M","R","E","?","T","M","E","R","E","M","R","B",null,"M","?","M","M","?","R","E","M","T","E","T","E"],"character_chosen":"IRONCLAD","items_purchased":[],"campfire_rested":1,"item_purchase_floors":[],"current_hp_per_floor":[73,65,65,67,73,73,53,36,36,42,21,21,11,17,17,13,63,51,51,35,24,24,48,46,30,30,14,14,0],"gold":480,"neow_bonus":"ONE_RARE_RELIC","is_prod":false,"is_daily":false,"chose_seed":false,"campfire_upgraded":3,"win_rate":0,"timestamp":1638750439,"path_taken":["M","?","?","M","M","R","E","?","T","M","E","R","E","M","R","BOSS","M","?","M","M","?","R","E","M","T","E","?","E"],"build_version":"2020-12-22","purchased_purges":0,"victory":false,"max_hp_per_floor":[80,80,80,80,80,80,80,80,80,80,80,80,80,80,80,80,80,80,80,80,80,80,80,80,80,80,80,80,80],"card_choices":[{"not_picked":["Disarm","Thunderclap"],"picked":"Perfected Strike","floor":1.0},{"not_picked":["Clash","Disarm"],"picked":"Armaments","floor":3.0},{"not_picked":["Clash","Evolve"],"picked":"Rage","floor":4.0},{"not_picked":["Flex","Ghostly Armor"],"picked":"Shrug It Off","floor":5.0},{"not_picked":["Sword Boomerang","Clothesline","Bludgeon"],"picked":"SKIP","floor":7.0},{"not_picked":["Flex","Clash","Clothesline"],"picked":"SKIP","floor":10.0},{"not_picked":["Power Through","Brutality"],"picked":"True Grit","floor":11.0},{"not_picked":["Shrug It Off","Perfected Strike"],"picked":"Juggernaut","floor":13.0},{"not_picked":["True Grit","Armaments","Headbutt"],"picked":"SKIP","floor":14.0},{"not_picked":["Impervious","Brutality"],"picked":"Juggernaut","floor":16},{"not_picked":["Shockwave","Headbutt+1","Sword Boomerang+1"],"picked":"SKIP","floor":18},{"not_picked":["Iron Wave","Headbutt"],"picked":"Shrug It Off+1","floor":20},{"not_picked":["Anger+1","Rampage"],"picked":"Warcry","floor":21},{"not_picked":["Shrug It Off","Exhume"],"picked":"Entrench","floor":24},{"not_picked":["Dual Wield","Havoc+1","Clothesline+1","Combust"],"picked":"SKIP","floor":25},{"not_picked":["Armaments","Carnage+1","Shockwave"],"picked":"Seeing Red","floor":27}],"player_experience":397967,"relics_obtained":[{"floor":7.0,"key":"Boot"},{"floor":8.0,"key":"Odd Mushroom"},{"floor":9.0,"key":"Bronze Scales"},{"floor":11.0,"key":"Potion Belt"},{"floor":13.0,"key":"Mercury Hourglass"},{"floor":24,"key":"Question Card"},{"floor":26,"key":"InkBottle"},{"floor":27,"key":"Molten Egg 2"},{"floor":28,"key":"Regal Pillow"}],"event_choices":[{"damage_healed":0.0,"max_hp_gain":0.0,"max_hp_loss":0.0,"gold_gain":0.0,"event_name":"Wheel of Change","player_choice":"Damaged","floor":2.0,"gold_loss":0.0,"damage_taken":8.0},{"damage_healed":0.0,"max_hp_gain":0.0,"max_hp_loss":0.0,"gold_gain":0.0,"event_name":"Mushrooms","player_choice":"Fought Mushrooms","floor":8.0,"gold_loss":0.0,"damage_taken":0.0},{"damage_healed":0,"gold_gain":0,"player_choice":"Read","damage_taken":0,"max_hp_gain":0,"max_hp_loss":0,"event_name":"The Library","floor":19,"gold_loss":0,"cards_obtained":["Body Slam"]},{"damage_healed":0,"gold_gain":0,"player_choice":"Simplicity","damage_taken":0,"max_hp_gain":0,"max_hp_loss":0,"event_name":"Back to Basics","floor":22,"gold_loss":0,"cards_upgraded":["Strike_R","Strike_R","Strike_R","Strike_R","Strike_R","Defend_R","Defend_R","Defend_R","Defend_R"]}],"is_beta":false,"boss_relics":[{"not_picked":["Empty Cage","SacredBark"],"picked":"SlaversCollar"}],"items_purged_floors":[],"is_endless":false,"potions_floor_spawned":[4,5,10,11,14,16,21,25],"killed_by":"Book of Stabbing","ascension_level":10}