{"gold_per_floor":[115,115,127,127,140,174,174,199,223,223,223,244,258,271,271,400,400,419,443,16,31,31,64,64,104,131,131,147,147,171,189,189,189],"floor_reached":33,"playtime":4107,"items_purged":[],"score":314,"play_id":"18b9853f-ed26-4e71-aa8a-553ace5b59e3","local_time":"20200922175304","is_ascension_mode":false,"campfire_choices":[{"floor":7.0,"key":"REST"},{"floor":10.0,"key":"REST"},{"data":"Crippling Poison","floor":15.0,"key":"SMITH"},{"floor":24,"key":"REST"},{"floor":29,"key":"REST"},{"floor":32,"key":"REST"}],"neow_cost":"NONE","seed_source_timestamp":0,"circlet_count":0,"master_deck":["Strike_G","Strike_G","Strike_G+1","Strike_G+1","Strike_G","Defend_G","Defend_G","Defend_G","Defend_G","Defend_G","Survivor","Neutralize","Underhanded Strike","Backstab","Injury","Caltrops","Envenom","PiercingWail","Deflect","Crippling Poison+1","Blade Dance","Night Terror","Backflip","Distraction+1","PiercingWail","Slice","Dagger Spray+1","Backflip+1","Infinite Blades","Poisoned Stab+1","Deflect"],"special_seed":0,"relics":["Ring of the Snake","Snake Skull","Golden Idol","Whetstone","Odd Mushroom","Bronze Scales","Philosopher\u0027s Stone","Pen Nib","Letter Opener","FaceOfCleric","Ancient Tea Set","Ornamental Fan","Anchor"],"potions_floor_usage":[23,25,28,28,30],"damage_taken":[{"damage":0.0,"enemies":"Cultist","floor":1.0,"turns":4.0},{"damage":1.0,"enemies":"2 Louse","floor":3.0,"turns":3.0},{"damage":0.0,"enemies":"Small Slimes","floor":5.0,"turns":2.0},{"damage":33.0,"enemies":"3 Sentries","floor":6.0,"turns":9.0},{"damage":19.0,"enemies":"The Mushroom Lair","floor":8.0,"turns":6.0},{"damage":5.0,"enemies":"Blue Slaver","floor":12.0,"turns":2.0},{"damage":2.0,"enemies":"Looter","floor":13.0,"turns":3.0},{"damage":0.0,"enemies":"Exordium Thugs","floor":14.0,"turns":4.0},{"damage":44.0,"enemies":"Slime Boss","floor":16.0,"turns":17.0},{"damage":17.0,"enemies":"Spheric Guardian","floor":18.0,"turns":5.0},{"damage":29.0,"enemies":"2 Thieves","floor":19.0,"turns":4.0},{"damage":11,"enemies":"Cultist and Chosen","floor":21,"turns":6},{"damage":9,"enemies":"Slavers","floor":23,"turns":3},{"damage":24,"enemies":"Book of Stabbing","floor":25,"turns":5},{"damage":8,"enemies":"Snecko","floor":28,"turns":6},{"damage":19,"enemies":"Sentry and Sphere","floor":30,"turns":4},{"damage":14,"enemies":"Snake Plant","floor":31,"turns":3},{"damage":44,"enemies":"Collector","floor":33,"turns":3}],"seed_played":"4626568200289601614","potions_obtained":[{"floor":3.0,"key":"Weak Potion"},{"floor":6.0,"key":"EssenceOfSteel"},{"floor":8.0,"key":"Weak Potion"},{"floor":18.0,"key":"Explosive Potion"},{"floor":23,"key":"SpeedPotion"},{"floor":25,"key":"Dexterity Potion"}],"is_trial":false,"path_per_floor":["M","?","M","?","M","E","R","?","T","R","?","M","M","M","R","B",null,"M","M","$","M","?","E","R","E","T","$","M","R","M","M","R","B"],"character_chosen":"THE_SILENT","items_purchased":["PiercingWail","Pen Nib","Letter Opener"],"campfire_rested":5,"item_purchase_floors":[20,20,20],"current_hp_per_floor":[77,65,64,64,64,31,54,35,35,58,63,58,56,56,56,12,82,65,36,36,25,25,17,41,18,18,18,11,36,18,5,31,0],"gold":189,"neow_bonus":"TEN_PERCENT_HP_BONUS","is_prod":false,"is_daily":false,"chose_seed":false,"campfire_upgraded":1,"win_rate":0.0,"timestamp":1600815184,"path_taken":["M","?","M","?","M","E","R","?","T","R","?","M","?","M","R","BOSS","M","M","$","M","?","E","R","E","T","?","M","R","M","M","R","BOSS"],"build_version":"2020-07-30","purchased_purges":0,"victory":false,"max_hp_per_floor":[77,77,77,77,77,77,77,77,77,77,82,82,82,82,82,82,82,82,82,82,82,82,83,83,84,84,84,85,85,86,87,87,87],"card_choices":[{"not_picked":["Expertise","Blur"],"picked":"Underhanded Strike","floor":1.0},{"not_picked":["Dagger Spray","Deflect"],"picked":"Backstab","floor":3.0},{"not_picked":["Dagger Throw","Deadly Poison"],"picked":"Caltrops","floor":5.0},{"not_picked":["Expertise","Finisher"],"picked":"Envenom","floor":6.0},{"not_picked":["Finisher","Tactician"],"picked":"PiercingWail","floor":8.0},{"not_picked":["Poisoned Stab","Dagger Spray"],"picked":"Deflect","floor":12.0},{"not_picked":["Predator","Bouncing Flask"],"picked":"Crippling Poison","floor":13.0},{"not_picked":["Dagger Throw","Riddle With Holes"],"picked":"Blade Dance","floor":14.0},{"not_picked":["Glass Knife","Doppelganger"],"picked":"Night Terror","floor":16.0},{"not_picked":["Blur","Caltrops"],"picked":"Backflip","floor":18.0},{"not_picked":["Quick Slash","Tactician"],"picked":"Distraction+1","floor":19.0},{"not_picked":["Acrobatics","Outmaneuver"],"picked":"Slice","floor":21},{"not_picked":["Backflip","Deflect"],"picked":"Dagger Spray+1","floor":23},{"not_picked":["Venomology","Blade Dance"],"picked":"Backflip+1","floor":25},{"not_picked":["Eviscerate+1","Crippling Poison"],"picked":"Infinite Blades","floor":28},{"not_picked":["Blade Dance","Slice"],"picked":"Poisoned Stab+1","floor":30},{"not_picked":["Acrobatics","Glass Knife"],"picked":"Deflect","floor":31}],"player_experience":11635,"relics_obtained":[{"floor":6.0,"key":"Whetstone"},{"floor":8.0,"key":"Odd Mushroom"},{"floor":9.0,"key":"Bronze Scales"},{"floor":23,"key":"Ancient Tea Set"},{"floor":25,"key":"Ornamental Fan"},{"floor":26,"key":"Anchor"}],"event_choices":[{"damage_healed":0.0,"max_hp_gain":0.0,"max_hp_loss":0.0,"gold_gain":0.0,"event_name":"Scrap Ooze","player_choice":"Success","floor":2.0,"gold_loss":0.0,"damage_taken":12.0,"relics_obtained":["Snake Skull"]},{"damage_healed":0.0,"max_hp_gain":0.0,"max_hp_loss":0.0,"gold_gain":0.0,"event_name":"Golden Idol","player_choice":"Take Wound","floor":4.0,"gold_loss":0.0,"damage_taken":0.0,"relics_obtained":["Golden Idol"],"cards_obtained":["Injury"]},{"damage_healed":0.0,"max_hp_gain":0.0,"max_hp_loss":0.0,"gold_gain":0.0,"event_name":"Mushrooms","player_choice":"Fought Mushrooms","floor":8.0,"gold_loss":0.0,"damage_taken":0.0},{"damage_healed":0.0,"max_hp_gain":5.0,"max_hp_loss":0.0,"gold_gain":0.0,"event_name":"Big Fish","player_choice":"Donut","floor":11.0,"gold_loss":0.0,"damage_taken":0.0},{"damage_healed":0,"gold_gain":0,"player_choice":"Trade","damage_taken":0,"relics_obtained":["FaceOfCleric"],"max_hp_gain":0,"max_hp_loss":0,"event_name":"FaceTrader","floor":22,"gold_loss":0}],"is_beta":false,"boss_relics":[{"not_picked":["Busted Crown","Ring of the Serpent"],"picked":"Philosopher\u0027s Stone"}],"items_purged_floors":[],"is_endless":false,"potions_floor_spawned":[3,6,8,18,23,25],"killed_by":"Collector","ascension_level":0}