{"gold_per_floor":[110,110,120,138,149,149,182,182,209,209,232,232,265,284,284,388,388,406,416,37,37,48,48,81,81,81,95,10,10,22,40,40,40],"floor_reached":33,"playtime":2126,"items_purged":["Strike_G"],"score":346,"play_id":"d6d8e328-5468-4cbf-b887-bee8fb075b78","local_time":"20211211152431","is_ascension_mode":true,"campfire_choices":[{"data":"Sucker Punch","floor":6,"key":"SMITH"},{"data":"Die Die Die","floor":8,"key":"SMITH"},{"data":"Survivor","floor":10,"key":"SMITH"},{"data":"Poisoned Stab","floor":12,"key":"SMITH"},{"floor":15,"key":"REST"},{"floor":23,"key":"REST"},{"floor":32,"key":"REST"}],"neow_cost":"NONE","seed_source_timestamp":22100722331400,"circlet_count":0,"master_deck":["Strike_G+1","Strike_G+1","Strike_G+1","Strike_G+1","Defend_G+1","Defend_G+1","Defend_G+1","Defend_G+1","Defend_G+1","Survivor+1","Neutralize+1","Dagger Throw","Dagger Spray+1","Sucker Punch+1","Catalyst","Die Die Die+1","Poisoned Stab+1","Backflip","Tactician","Bullet Time","Acrobatics","Crippling Poison","Leg Sweep+1","Phantasmal Killer","Dagger Spray+1","Underhanded Strike+1"],"relics":["Ring of the Snake","NeowsBlessing","Gremlin Horn","Calipers","Odd Mushroom","Nunchaku","Black Star","Blood Vial","Bag of Marbles","Whetstone","Orichalcum","Nloth\u0027s Gift","Molten Egg 2","PreservedInsect"],"potions_floor_usage":[13,13,16,16,24,27,31],"damage_taken":[{"damage":0,"enemies":"Cultist","floor":1,"turns":1},{"damage":0,"enemies":"Small Slimes","floor":3,"turns":1},{"damage":0,"enemies":"Jaw Worm","floor":4,"turns":1},{"damage":0,"enemies":"2 Fungi Beasts","floor":5,"turns":3},{"damage":24,"enemies":"Gremlin Nob","floor":7,"turns":5},{"damage":5,"enemies":"The Mushroom Lair","floor":11,"turns":2},{"damage":14,"enemies":"Lagavulin","floor":13,"turns":4},{"damage":0,"enemies":"Lots of Slimes","floor":14,"turns":1},{"damage":17,"enemies":"Slime Boss","floor":16,"turns":11},{"damage":41,"enemies":"Spheric Guardian","floor":18,"turns":6},{"damage":2,"enemies":"3 Byrds","floor":19,"turns":3},{"damage":14,"enemies":"Snake Plant","floor":22,"turns":4},{"damage":16,"enemies":"Slavers","floor":24,"turns":7},{"damage":16,"enemies":"Centurion and Healer","floor":27,"turns":5},{"damage":0,"enemies":"Snecko","floor":30,"turns":5},{"damage":2,"enemies":"Snake Plant","floor":31,"turns":4},{"damage":42,"enemies":"Automaton","floor":33,"turns":6}],"seed_played":"-7992853559184142092","potions_obtained":[{"floor":4,"key":"Strength Potion"},{"floor":7,"key":"ColorlessPotion"},{"floor":11,"key":"FearPotion"},{"floor":14,"key":"Weak Potion"},{"floor":16,"key":"Fruit Juice"},{"floor":19,"key":"DistilledChaos"},{"floor":22,"key":"Dexterity Potion"},{"floor":24,"key":"EssenceOfSteel"},{"floor":29,"key":"Poison Potion"}],"is_trial":false,"path_per_floor":["M","T","M","M","M","R","E","R","T","R","?","R","E","M","R","B",null,"M","M","$","?","M","R","E","?","T","M","?","?","M","M","R","B"],"character_chosen":"THE_SILENT","items_purchased":["Blood Vial","Bag of Marbles"],"campfire_rested":3,"item_purchase_floors":[20,20],"current_hp_per_floor":[70,70,70,70,70,70,46,46,46,46,41,41,27,27,48,36,65,24,22,22,22,10,32,18,18,18,4,4,4,6,6,28,0],"gold":40,"neow_bonus":"THREE_ENEMY_KILL","is_prod":false,"is_daily":false,"chose_seed":false,"campfire_upgraded":4,"win_rate":0,"timestamp":1639257871,"path_taken":["M","?","?","M","M","R","E","R","T","R","?","R","E","M","R","BOSS","M","M","$","?","M","R","E","?","T","?","?","?","?","M","R","BOSS"],"build_version":"2020-12-22","purchased_purges":1,"victory":false,"max_hp_per_floor":[70,70,70,70,70,70,70,70,70,70,70,70,70,70,70,75,75,75,75,75,75,75,75,75,75,75,75,75,75,75,75,75,75],"card_choices":[{"not_picked":["Dodge and Roll","Slice"],"picked":"Dagger Throw","floor":1},{"not_picked":["Caltrops","Riddle With Holes"],"picked":"Dagger Spray","floor":3},{"not_picked":["Distraction","Expertise"],"picked":"Sucker Punch","floor":4},{"not_picked":["PiercingWail","All Out Attack"],"picked":"Catalyst","floor":5},{"not_picked":["Dodge and Roll","Tactician"],"picked":"Die Die Die","floor":7},{"not_picked":["Quick Slash","Backflip"],"picked":"Poisoned Stab","floor":11},{"not_picked":["Riddle With Holes","Dodge and Roll"],"picked":"Backflip","floor":13},{"not_picked":["Underhanded Strike","Cloak And Dagger"],"picked":"Tactician","floor":14},{"not_picked":["A Thousand Cuts","Glass Knife"],"picked":"Bullet Time","floor":16},{"not_picked":["Outmaneuver","Flying Knee"],"picked":"Acrobatics","floor":18},{"not_picked":["Sucker Punch","Deflect"],"picked":"Crippling Poison","floor":19},{"not_picked":["Accuracy","PiercingWail"],"picked":"Leg Sweep+1","floor":22},{"not_picked":["Dodge and Roll","Cloak And Dagger"],"picked":"Phantasmal Killer","floor":24},{"not_picked":["Reflex","Deflect"],"picked":"Dagger Spray+1","floor":27},{"not_picked":["Blade Dance","Distraction","Quick Slash+1"],"picked":"SKIP","floor":30},{"not_picked":["All Out Attack+1","Prepared"],"picked":"Underhanded Strike+1","floor":31}],"player_experience":435900,"relics_obtained":[{"floor":2,"key":"Gremlin Horn"},{"floor":7,"key":"Calipers"},{"floor":9,"key":"Lantern"},{"floor":11,"key":"Odd Mushroom"},{"floor":13,"key":"Nunchaku"},{"floor":24,"key":"Whetstone"},{"floor":24,"key":"Orichalcum"},{"floor":26,"key":"Molten Egg 2"}],"event_choices":[{"damage_healed":0,"gold_gain":0,"player_choice":"Fought Mushrooms","damage_taken":0,"max_hp_gain":0,"max_hp_loss":0,"event_name":"Mushrooms","floor":11,"gold_loss":0},{"damage_healed":0,"gold_gain":0,"player_choice":"Simplicity","damage_taken":0,"max_hp_gain":0,"max_hp_loss":0,"event_name":"Back to Basics","floor":21,"gold_loss":0,"cards_upgraded":["Strike_G","Strike_G","Strike_G","Strike_G","Defend_G","Defend_G","Defend_G","Defend_G","Defend_G"]},{"damage_healed":0,"gold_gain":0,"player_choice":"Traded Relic","damage_taken":0,"relics_obtained":["Nloth\u0027s Gift"],"max_hp_gain":0,"max_hp_loss":0,"event_name":"N\u0027loth","floor":25,"relics_lost":["Lantern"],"gold_loss":0},{"damage_healed":0,"gold_gain":0,"player_choice":"Obtained Relic","damage_taken":0,"relics_obtained":["PreservedInsect"],"max_hp_gain":0,"max_hp_loss":0,"event_name":"Addict","floor":28,"gold_loss":85},{"damage_healed":0,"gold_gain":0,"player_choice":"Got Potions","damage_taken":0,"max_hp_gain":0,"max_hp_loss":0,"event_name":"Lab","floor":29,"gold_loss":0}],"is_beta":false,"boss_relics":[{"not_picked":["Runic Dome","SacredBark"],"picked":"Black Star"}],"items_purged_floors":[20],"is_endless":false,"potions_floor_spawned":[4,7,11,14,16,19,22,24],"killed_by":"Automaton","ascension_level":5}