{"gold_per_floor":[210,1,17,37,50,50,84,94,94,94,104,104,50,50,50,176,176,191,209,240,155,180,216,216,257,280,280,293,392,408,263,263,387,387,406,406,424,44,69,69,110,110,110,41,41,41,61,79,79,79],"floor_reached":51,"playtime":2799,"items_purged":["Strike_G","Strike_G"],"score":957,"play_id":"17234da8-df86-4c3d-a49f-f33df5af4099","local_time":"20211211110551","is_ascension_mode":true,"campfire_choices":[{"data":"Leg Sweep","floor":6,"key":"SMITH"},{"data":"Accuracy","floor":10,"key":"SMITH"},{"data":"Cloak And Dagger","floor":12,"key":"SMITH"},{"data":"Blade Dance","floor":15,"key":"SMITH"},{"floor":24,"key":"REST"},{"floor":27,"key":"REST"},{"floor":32,"key":"REST"},{"data":"Infinite Blades","floor":40,"key":"SMITH"},{"data":"Envenom","floor":42,"key":"SMITH"},{"data":"After Image","floor":45,"key":"SMITH"},{"data":"Accuracy","floor":49,"key":"SMITH"}],"neow_cost":"NONE","seed_source_timestamp":5898841367400,"circlet_count":0,"master_deck":["Strike_G","Strike_G","Strike_G","Defend_G","Defend_G","Defend_G","Defend_G","Defend_G","Survivor","Neutralize","Skewer","Cloak And Dagger+1","Dodge and Roll","Slice","Leg Sweep+1","Slice","Accuracy+1","Acrobatics","Blade Dance+1","Envenom+1","Blade Dance","Blade Dance","After Image+1","Accuracy+1","Pain","Blade Dance+1","Corpse Explosion","Tools of the Trade","Finisher","Finisher+1","Caltrops","Infinite Blades+1","Noxious Fumes","Parasite","Accuracy+1","Sadistic Nature","Backstab","Prepared+1"],"relics":["Ring of the Snake","Happy Flower","Strawberry","Paper Crane","Golden Idol","Cursed Key","Red Mask","Ice Cream","Mummified Hand","Tiny Chest","Pen Nib","WristBlade","Bottled Tornado","Dream Catcher"],"potions_floor_usage":[16,20,22,33,33,47,50,50],"damage_taken":[{"damage":2,"enemies":"Cultist","floor":1,"turns":6},{"damage":1,"enemies":"Jaw Worm","floor":3,"turns":4},{"damage":0,"enemies":"2 Louse","floor":4,"turns":2},{"damage":0,"enemies":"2 Fungi Beasts","floor":5,"turns":3},{"damage":19,"enemies":"Gremlin Nob","floor":7,"turns":5},{"damage":8,"enemies":"3 Louse","floor":8,"turns":3},{"damage":0,"enemies":"Large Slime","floor":11,"turns":5},{"damage":5,"enemies":"Hexaghost","floor":16,"turns":10},{"damage":0,"enemies":"Chosen","floor":18,"turns":4},{"damage":13,"enemies":"2 Thieves","floor":19,"turns":5},{"damage":24,"enemies":"Masked Bandits","floor":20,"turns":5},{"damage":12,"enemies":"Snake Plant","floor":22,"turns":4},{"damage":20,"enemies":"Book of Stabbing","floor":23,"turns":6},{"damage":8,"enemies":"Gremlin Leader","floor":25,"turns":6},{"damage":4,"enemies":"Chosen and Byrds","floor":28,"turns":4},{"damage":6,"enemies":"Snecko","floor":30,"turns":4},{"damage":1,"enemies":"Champ","floor":33,"turns":5},{"damage":0,"enemies":"Orb Walker","floor":35,"turns":2},{"damage":5,"enemies":"3 Shapes","floor":37,"turns":3},{"damage":0,"enemies":"Maw","floor":39,"turns":4},{"damage":0,"enemies":"Giant Head","floor":41,"turns":4},{"damage":0,"enemies":"4 Shapes","floor":47,"turns":5},{"damage":0,"enemies":"Sphere and 2 Shapes","floor":48,"turns":2},{"damage":30,"enemies":"Donu and Deca","floor":50,"turns":4}],"seed_played":"7870111391400684863","potions_obtained":[{"floor":1,"key":"Weak Potion"},{"floor":3,"key":"Block Potion"},{"floor":7,"key":"Weak Potion"},{"floor":16,"key":"EssenceOfSteel"},{"floor":19,"key":"BlessingOfTheForge"},{"floor":20,"key":"Strength Potion"},{"floor":23,"key":"AttackPotion"},{"floor":37,"key":"Energy Potion"},{"floor":41,"key":"Fire Potion"}],"is_trial":false,"path_per_floor":["M","$","M","M","M","R","E","M","T","R","M","R","$","?","R","B",null,"M","M","?","?","M","E","R","E","T","R","M","?","M","$","R","B",null,"M","?","M","$","M","R","E","R","T","$","R","?","M","M","R","B",null],"character_chosen":"THE_SILENT","items_purchased":["Happy Flower","Cloak And Dagger","Blade Dance","Corpse Explosion","Bottled Tornado","Caltrops","Accuracy"],"campfire_rested":3,"item_purchase_floors":[2,2,13,31,38,38,44],"current_hp_per_floor":[68,68,67,67,67,67,55,47,47,47,47,47,47,47,47,42,71,71,58,34,34,22,2,23,15,15,36,32,32,26,26,47,46,71,71,67,62,62,62,62,62,62,62,62,62,62,62,62,62,32],"gold":79,"neow_bonus":"HUNDRED_GOLD","is_prod":false,"is_daily":false,"chose_seed":false,"campfire_upgraded":8,"win_rate":0,"timestamp":1639242351,"path_taken":["M","$","M","M","M","R","E","M","T","R","M","R","?","?","R","BOSS","M","M","?","?","M","E","R","E","T","R","M","?","M","$","R","BOSS","M","?","M","$","M","R","E","R","T","$","R","?","M","M","R","BOSS"],"build_version":"2020-12-22","purchased_purges":2,"victory":true,"max_hp_per_floor":[70,70,70,70,70,70,77,77,77,77,77,77,77,71,71,71,71,71,71,71,71,71,71,71,71,71,71,71,71,71,71,71,71,71,71,67,67,67,67,67,67,67,67,67,67,67,67,67,67,67],"card_choices":[{"not_picked":["Terror","Choke"],"picked":"Skewer","floor":1},{"not_picked":["Blade Dance","Deflect"],"picked":"Dodge and Roll","floor":3},{"not_picked":["Quick Slash","Accuracy"],"picked":"Slice","floor":4},{"not_picked":["Terror","Noxious Fumes"],"picked":"Leg Sweep","floor":5},{"not_picked":["Flechettes","Storm of Steel"],"picked":"Slice","floor":7},{"not_picked":["Skewer","Blade Dance"],"picked":"Accuracy","floor":8},{"not_picked":["Reflex","Dagger Throw"],"picked":"Acrobatics","floor":11},{"not_picked":["Burst","Phantasmal Killer"],"picked":"Envenom","floor":16},{"not_picked":["Outmaneuver","Caltrops"],"picked":"Blade Dance","floor":18},{"not_picked":["Blur","Outmaneuver"],"picked":"Blade Dance","floor":19},{"not_picked":["Poisoned Stab","Outmaneuver","Sucker Punch"],"picked":"SKIP","floor":22},{"not_picked":["Riddle With Holes","Blade Dance+1"],"picked":"After Image","floor":23},{"not_picked":["PiercingWail+1","Prepared"],"picked":"Accuracy+1","floor":25},{"not_picked":["Blade Dance","Underhanded Strike+1","PiercingWail"],"picked":"SKIP","floor":28},{"not_picked":["Acrobatics","Dodge and Roll"],"picked":"Blade Dance+1","floor":30},{"not_picked":["Corpse Explosion","Doppelganger"],"picked":"Tools of the Trade","floor":33},{"not_picked":["Backflip+1","Slice+1"],"picked":"Finisher","floor":35},{"not_picked":["Choke+1","Slice+1"],"picked":"Finisher+1","floor":37},{"not_picked":["Quick Slash+1","PiercingWail"],"picked":"Infinite Blades","floor":39},{"not_picked":["Flying Knee","Quick Slash+1"],"picked":"Noxious Fumes","floor":41},{"not_picked":["Purity","Madness"],"picked":"Sadistic Nature","floor":46},{"not_picked":["Poisoned Stab+1","Dodge and Roll+1"],"picked":"Backstab","floor":47},{"not_picked":["Acrobatics+1","Bane+1"],"picked":"Prepared+1","floor":48}],"player_experience":427602,"relics_obtained":[{"floor":7,"key":"Strawberry"},{"floor":9,"key":"Paper Crane"},{"floor":20,"key":"Red Mask"},{"floor":23,"key":"Mummified Hand"},{"floor":25,"key":"Tiny Chest"},{"floor":26,"key":"Pen Nib"},{"floor":41,"key":"Dream Catcher"}],"event_choices":[{"damage_healed":0,"gold_gain":0,"player_choice":"Lose Max HP","damage_taken":0,"relics_obtained":["Golden Idol"],"max_hp_gain":0,"max_hp_loss":6,"event_name":"Golden Idol","floor":14,"gold_loss":0},{"damage_healed":0,"gold_gain":0,"player_choice":"Fought Bandits","damage_taken":0,"max_hp_gain":0,"max_hp_loss":0,"event_name":"Masked Bandits","floor":20,"gold_loss":0},{"damage_healed":0,"gold_gain":0,"player_choice":"Obtained Relic","damage_taken":0,"relics_obtained":["Ice Cream"],"max_hp_gain":0,"max_hp_loss":0,"event_name":"Addict","floor":21,"gold_loss":85},{"damage_healed":0,"gold_gain":99,"player_choice":"Stole From Cult","damage_taken":0,"max_hp_gain":0,"max_hp_loss":0,"event_name":"Nest","floor":29,"gold_loss":0},{"damage_healed":0,"gold_gain":0,"player_choice":"Max HP","damage_taken":0,"max_hp_gain":0,"max_hp_loss":4,"event_name":"Winding Halls","floor":36,"gold_loss":0},{"damage_healed":0,"gold_gain":0,"player_choice":"Memory 1","damage_taken":0,"max_hp_gain":0,"max_hp_loss":0,"event_name":"SensoryStone","floor":46,"gold_loss":0}],"is_beta":false,"boss_relics":[{"not_picked":["Snecko Eye","Black Star"],"picked":"Cursed Key"},{"not_picked":["Runic Pyramid","Tiny House"],"picked":"WristBlade"}],"items_purged_floors":[31,38],"is_endless":false,"potions_floor_spawned":[1,3,7,16,19,20,23,28,37,41],"ascension_level":3}