{"gold_per_floor":[111,111,122,122,135,163,163,163,163,180,3,13,26,53,53,157,157,175,189,288,288,306,306,325,357,357,72,72,87,100,117,117,216,216,230,249,249,261,271,271,22,69,69,69,89,121,121,121,121,121],"floor_reached":51,"playtime":6031,"items_purged":[],"score":661,"play_id":"666b54fe-78b3-41e0-9477-dcb07932c5d6","local_time":"20200928211442","is_ascension_mode":false,"campfire_choices":[{"data":"Zap","floor":8.0,"key":"SMITH"},{"data":"Redo","floor":15.0,"key":"SMITH"},{"data":"Dualcast","floor":23.0,"key":"SMITH"},{"data":"Capacitor","floor":28.0,"key":"SMITH"},{"floor":32.0,"key":"REST"},{"data":"Auto Shields","floor":40.0,"key":"SMITH"},{"floor":49,"key":"REST"}],"neow_cost":"NONE","seed_source_timestamp":0,"circlet_count":0,"master_deck":["Strike_B","Strike_B","Strike_B","Defend_B","Defend_B","Defend_B","Defend_B","Zap+1","Dualcast+1","Reinforced Body","FTL","Conserve Battery","Compile Driver","Cold Snap","Redo+1","Zap+1","Biased Cognition","Leap","Auto Shields+1","All For One","Reinforced Body","Barrage","Genetic Algorithm","Capacitor+1","Defragment+1","Go for the Eyes+1","Ball Lightning","Capacitor","Chrysalis"],"special_seed":0,"relics":["Cracked Core","Pear","Matryoshka","Ornamental Fan","InkBottle","DollysMirror","Toy Ornithopter","Busted Crown","Happy Flower","Potion Belt","Mercury Hourglass","Sozu","Bottled Tornado","TungstenRod","Incense Burner","Bronze Scales"],"potions_floor_usage":[46,50,50],"damage_taken":[{"damage":0.0,"enemies":"2 Louse","floor":1.0,"turns":3.0},{"damage":0.0,"enemies":"Small Slimes","floor":3.0,"turns":3.0},{"damage":6.0,"enemies":"Jaw Worm","floor":5.0,"turns":3.0},{"damage":29.0,"enemies":"Gremlin Nob","floor":6.0,"turns":6.0},{"damage":1.0,"enemies":"Exordium Wildlife","floor":10.0,"turns":5.0},{"damage":0.0,"enemies":"Blue Slaver","floor":12.0,"turns":2.0},{"damage":6.0,"enemies":"Lots of Slimes","floor":13.0,"turns":3.0},{"damage":17.0,"enemies":"3 Sentries","floor":14.0,"turns":5.0},{"damage":29.0,"enemies":"The Guardian","floor":16.0,"turns":11.0},{"damage":10.0,"enemies":"3 Byrds","floor":18.0,"turns":4.0},{"damage":0.0,"enemies":"Spheric Guardian","floor":19.0,"turns":2.0},{"damage":4.0,"enemies":"Snecko","floor":22.0,"turns":4.0},{"damage":0.0,"enemies":"Cultist and Chosen","floor":24.0,"turns":4.0},{"damage":16.0,"enemies":"Slavers","floor":25.0,"turns":6.0},{"damage":1.0,"enemies":"Chosen and Byrds","floor":29.0,"turns":5.0},{"damage":14.0,"enemies":"Snake Plant","floor":30.0,"turns":3.0},{"damage":10.0,"enemies":"Shelled Parasite and Fungi","floor":31.0,"turns":4.0},{"damage":5.0,"enemies":"Champ","floor":33.0,"turns":9.0},{"damage":13.0,"enemies":"3 Shapes","floor":35.0,"turns":3.0},{"damage":10.0,"enemies":"Orb Walker","floor":36.0,"turns":4.0},{"damage":11.0,"enemies":"4 Shapes","floor":38.0,"turns":5.0},{"damage":0.0,"enemies":"Maw","floor":39.0,"turns":6.0},{"damage":39.0,"enemies":"2 Orb Walkers","floor":42.0,"turns":5.0},{"damage":2,"enemies":"Writhing Mass","floor":45,"turns":6},{"damage":8,"enemies":"Reptomancer","floor":46,"turns":7},{"damage":2,"enemies":"Time Eater","floor":50,"turns":12}],"seed_played":"3189519239334351108","potions_obtained":[{"floor":1.0,"key":"Block Potion"},{"floor":13.0,"key":"BlessingOfTheForge"},{"floor":14.0,"key":"FearPotion"},{"floor":24.0,"key":"ColorlessPotion"},{"floor":25.0,"key":"SneckoOil"},{"floor":29.0,"key":"Dexterity Potion"},{"floor":33.0,"key":"Fire Potion"}],"is_trial":false,"path_per_floor":["M","?","M","?","M","E","?","R","T","M","$","M","M","E","R","B",null,"M","M","?","?","M","R","M","E","T","$","R","M","M","M","R","B",null,"M","M","?","M","M","R","$","?","T","$","M","E","?","?","R","B",null],"character_chosen":"DEFECT","items_purchased":["Redo","DollysMirror","Capacitor","Double Energy","FocusPotion","EssenceOfSteel","Bottled Tornado"],"campfire_rested":2,"item_purchase_floors":[11,11,27,27,27,27,41],"current_hp_per_floor":[82,82,82,82,76,57,54,54,54,53,53,53,47,30,30,11,92,82,82,82,82,78,78,78,62,62,62,62,61,47,37,64,69,92,79,69,92,81,81,81,81,42,42,42,40,37,37,37,63,71],"gold":121,"neow_bonus":"TEN_PERCENT_HP_BONUS","is_prod":false,"is_daily":false,"chose_seed":false,"campfire_upgraded":5,"win_rate":0.0,"timestamp":1601345682,"path_taken":["M","?","M","?","M","E","?","R","T","M","?","M","M","E","R","BOSS","M","M","?","?","M","R","?","E","T","$","R","M","M","M","R","BOSS","M","M","?","M","?","R","$","?","T","$","M","E","?","?","R","BOSS"],"build_version":"2020-07-30","purchased_purges":0,"victory":true,"max_hp_per_floor":[82,82,82,82,82,92,92,92,92,92,92,92,92,92,92,92,92,92,92,92,92,92,92,92,92,92,92,92,92,92,92,92,92,92,92,92,92,92,92,92,92,92,92,92,92,92,87,87,87,87],"card_choices":[{"not_picked":["Steam","Beam Cell"],"picked":"Reinforced Body","floor":1.0},{"not_picked":["Blizzard","Aggregate"],"picked":"FTL","floor":3.0},{"not_picked":["Steam","Beam Cell"],"picked":"Conserve Battery","floor":5.0},{"not_picked":["Reprogram","Stack"],"picked":"Compile Driver","floor":6.0},{"not_picked":["White Noise","Beam Cell"],"picked":"Cold Snap","floor":10.0},{"not_picked":["Ball Lightning","Heatsinks"],"picked":"Biased Cognition","floor":12.0},{"not_picked":["Reinforced Body","Steam"],"picked":"Leap","floor":13.0},{"not_picked":["Stack","Sweeping Beam"],"picked":"Auto Shields","floor":14.0},{"not_picked":["Reboot","Machine Learning"],"picked":"All For One","floor":16.0},{"not_picked":[],"picked":"Reinforced Body","floor":18.0},{"not_picked":["Streamline"],"picked":"SKIP","floor":19.0},{"not_picked":["Heatsinks"],"picked":"SKIP","floor":22.0},{"not_picked":[],"picked":"Barrage","floor":24.0},{"not_picked":[],"picked":"Genetic Algorithm","floor":25.0},{"not_picked":["Leap"],"picked":"SKIP","floor":29.0},{"not_picked":["Steam Power"],"picked":"SKIP","floor":30.0},{"not_picked":["Leap"],"picked":"SKIP","floor":31.0},{"not_picked":["Hologram+1"],"picked":"SKIP","floor":35.0},{"not_picked":[],"picked":"Defragment+1","floor":36.0},{"not_picked":[],"picked":"Go for the Eyes+1","floor":38.0},{"not_picked":["Sweeping Beam"],"picked":"SKIP","floor":39.0},{"not_picked":[],"picked":"Ball Lightning","floor":42.0},{"not_picked":["Stack"],"picked":"SKIP","floor":45},{"not_picked":[],"picked":"Capacitor","floor":46},{"not_picked":[],"picked":"Chrysalis","floor":48}],"player_experience":22456,"relics_obtained":[{"floor":6.0,"key":"Pear"},{"floor":9.0,"key":"Ornamental Fan"},{"floor":9.0,"key":"InkBottle"},{"floor":14.0,"key":"Toy Ornithopter"},{"floor":25.0,"key":"Happy Flower"},{"floor":26.0,"key":"Potion Belt"},{"floor":26.0,"key":"Mercury Hourglass"},{"floor":42.0,"key":"TungstenRod"},{"floor":43.0,"key":"Incense Burner"},{"floor":46,"key":"Bronze Scales"}],"event_choices":[{"damage_healed":0.0,"max_hp_gain":0.0,"max_hp_loss":0.0,"gold_gain":0.0,"event_name":"Golden Wing","player_choice":"Ignored","floor":2.0,"gold_loss":0.0,"damage_taken":0.0},{"damage_healed":0.0,"max_hp_gain":0.0,"max_hp_loss":0.0,"gold_gain":0.0,"event_name":"Shining Light","player_choice":"Ignored","floor":4.0,"gold_loss":0.0,"damage_taken":0.0},{"damage_healed":0.0,"max_hp_gain":0.0,"max_hp_loss":0.0,"gold_gain":0.0,"event_name":"Scrap Ooze","player_choice":"Success","floor":7.0,"gold_loss":0.0,"damage_taken":3.0,"relics_obtained":["Matryoshka"]},{"damage_healed":0.0,"max_hp_gain":0.0,"max_hp_loss":0.0,"gold_gain":99.0,"event_name":"Nest","player_choice":"Stole From Cult","floor":20.0,"gold_loss":0.0,"damage_taken":0.0},{"cards_removed":["Strike_B"],"damage_healed":0.0,"max_hp_gain":0.0,"max_hp_loss":0.0,"gold_gain":0.0,"event_name":"Purifier","player_choice":"Purged","floor":21.0,"gold_loss":0.0,"damage_taken":0.0},{"cards_removed":["Double Energy"],"damage_healed":23.0,"max_hp_gain":0.0,"max_hp_loss":0.0,"gold_gain":0.0,"event_name":"Bonfire Elementals","player_choice":"Offered Uncommon","floor":37.0,"gold_loss":0.0,"damage_taken":0.0},{"damage_healed":0.0,"max_hp_gain":0.0,"max_hp_loss":0.0,"gold_gain":0.0,"event_name":"Mysterious Sphere","player_choice":"Fight","floor":42.0,"gold_loss":0.0,"damage_taken":0.0},{"damage_healed":0,"gold_gain":0,"player_choice":"Max HP","damage_taken":0,"max_hp_gain":0,"max_hp_loss":5,"event_name":"Winding Halls","floor":47,"gold_loss":0},{"damage_healed":0,"gold_gain":0,"player_choice":"Memory 1","damage_taken":0,"max_hp_gain":0,"max_hp_loss":0,"event_name":"SensoryStone","floor":48,"gold_loss":0}],"is_beta":false,"boss_relics":[{"not_picked":["Velvet Choker","SacredBark"],"picked":"Busted Crown"},{"not_picked":["Tiny House","Fusion Hammer"],"picked":"Sozu"}],"items_purged_floors":[],"is_endless":false,"potions_floor_spawned":[1,13,14,24,25,29,33,35,36,45,46],"ascension_level":0}