{"gold_per_floor":[118,118,128,128,141,141,176,176,202,202,220,220,236,252,252,356,356,370,370,370,58,72,99,112,12,37,71,71,171,186,101,101,197,197,210,222,241,257,257,257,285,285,310,310,310,340,24,37,37,37],"floor_reached":50,"playtime":4866,"items_purged":["Strike_B","Defend_B","Strike_B"],"score":621,"play_id":"f3a29668-886f-412f-a634-214b1f1f4306","local_time":"20201017123124","is_ascension_mode":true,"campfire_choices":[{"floor":8.0,"key":"REST"},{"floor":10.0,"key":"REST"},{"data":"Static Discharge","floor":12.0,"key":"SMITH"},{"data":"Chaos","floor":15.0,"key":"SMITH"},{"floor":32.0,"key":"REST"},{"floor":40.0,"key":"REST"},{"floor":45.0,"key":"REST"},{"floor":49.0,"key":"RECALL"}],"neow_cost":"NONE","seed_source_timestamp":0,"circlet_count":0,"master_deck":["Strike_B","Defend_B+1","Defend_B","Defend_B+1","Zap+1","Dualcast+1","Conserve Battery","Static Discharge+1","Streamline","Leap","Chaos+1","Biased Cognition","Streamline+1","Core Surge","Hologram","Streamline+1","Melter+1","Stack","Glacier+1","Ball Lightning","Creative AI","Core Surge","Force Field","Chaos+1","Defragment","Defragment","Conserve Battery+1"],"special_seed":0,"relics":["Cracked Core","MealTicket","War Paint","Bag of Marbles","Nuclear Battery","Orrery","HornCleat","Omamori","Toy Ornithopter","Ginger","Bottled Tornado","Lantern","SlaversCollar","Kunai","Toxic Egg 2","DollysMirror"],"potions_floor_usage":[50,50],"damage_taken":[{"damage":0.0,"enemies":"Small Slimes","floor":1.0,"turns":2.0},{"damage":0.0,"enemies":"2 Louse","floor":3.0,"turns":3.0},{"damage":6.0,"enemies":"Cultist","floor":5.0,"turns":3.0},{"damage":19.0,"enemies":"Gremlin Nob","floor":7.0,"turns":4.0},{"damage":1.0,"enemies":"2 Fungi Beasts","floor":11.0,"turns":3.0},{"damage":0.0,"enemies":"Looter","floor":13.0,"turns":2.0},{"damage":2.0,"enemies":"Large Slime","floor":14.0,"turns":5.0},{"damage":10.0,"enemies":"Hexaghost","floor":16.0,"turns":8.0},{"damage":2.0,"enemies":"2 Thieves","floor":18.0,"turns":3.0},{"damage":8.0,"enemies":"Shell Parasite","floor":22.0,"turns":4.0},{"damage":28.0,"enemies":"Gremlin Leader","floor":23.0,"turns":8.0},{"damage":7.0,"enemies":"Snecko","floor":24.0,"turns":6.0},{"damage":16.0,"enemies":"Slavers","floor":27.0,"turns":5.0},{"damage":20.0,"enemies":"Colosseum Slavers","floor":29.0,"turns":4.0},{"damage":2.0,"enemies":"Colosseum Nobs","floor":29.0,"turns":3.0},{"damage":5.0,"enemies":"Snake Plant","floor":30.0,"turns":3.0},{"damage":45.0,"enemies":"Champ","floor":33.0,"turns":9.0},{"damage":16.0,"enemies":"3 Shapes","floor":35.0,"turns":3.0},{"damage":9.0,"enemies":"Orb Walker","floor":36.0,"turns":3.0},{"damage":18.0,"enemies":"Spire Growth","floor":37.0,"turns":5.0},{"damage":22.0,"enemies":"3 Darklings","floor":38.0,"turns":4.0},{"damage":20.0,"enemies":"Nemesis","floor":41.0,"turns":7.0},{"damage":17.0,"enemies":"Reptomancer","floor":46.0,"turns":5.0},{"damage":6.0,"enemies":"Sphere and 2 Shapes","floor":48.0,"turns":4.0},{"damage":94,"enemies":"Awakened One","floor":50,"turns":10}],"seed_played":"7093742420038780775","potions_obtained":[{"floor":0.0,"key":"Swift Potion"},{"floor":0.0,"key":"GamblersBrew"},{"floor":0.0,"key":"PowerPotion"},{"floor":14.0,"key":"FearPotion"},{"floor":18.0,"key":"SkillPotion"},{"floor":23.0,"key":"Dexterity Potion"},{"floor":30.0,"key":"LiquidBronze"},{"floor":33.0,"key":"Energy Potion"},{"floor":36.0,"key":"Fire Potion"},{"floor":38.0,"key":"FocusPotion"},{"floor":46.0,"key":"Fire Potion"},{"floor":48.0,"key":"Regen Potion"}],"is_trial":false,"path_per_floor":["M","?","M","?","M","?","E","R","T","R","M","R","M","M","R","B",null,"M","?","?","$","M","E","M","$","T","E","?","?","M","?","R","B",null,"M","M","M","M","?","R","E","?","T","?","R","E","$","M","R","B"],"character_chosen":"DEFECT","items_purchased":["Core Surge","Orrery","Defragment","DollysMirror"],"campfire_rested":5,"item_purchase_floors":[21,21,47,47],"current_hp_per_floor":[75,60,60,42,36,36,17,39,39,61,60,60,60,58,58,48,75,73,73,73,75,67,39,32,47,47,31,31,9,14,14,36,1,75,59,50,32,15,15,37,17,36,36,36,58,46,61,55,55,0],"gold":37,"neow_bonus":"THREE_SMALL_POTIONS","is_prod":false,"is_daily":false,"chose_seed":false,"campfire_upgraded":2,"win_rate":0,"timestamp":1602955884,"path_taken":["M","?","M","?","M","?","E","R","T","R","M","R","M","M","R","BOSS","M","?","?","$","M","E","M","$","T","E","?","?","M","?","R","BOSS","M","M","M","M","?","R","E","?","T","?","R","E","$","M","R","BOSS"],"build_version":"2020-07-30","purchased_purges":3,"victory":false,"max_hp_per_floor":[75,75,75,75,75,75,75,75,75,75,75,75,75,75,75,75,75,75,75,75,75,75,75,75,75,75,75,75,75,75,75,75,75,75,75,75,75,75,75,75,75,75,75,75,75,75,75,75,75,75],"card_choices":[{"not_picked":["Skim","Compile Driver"],"picked":"Conserve Battery","floor":1.0},{"not_picked":["Chaos","Hello World"],"picked":"Static Discharge","floor":3.0},{"not_picked":["Heatsinks","Compile Driver"],"picked":"Streamline","floor":5.0},{"not_picked":["Steam","Heatsinks","Reprogram"],"picked":"SKIP","floor":7.0},{"not_picked":["Conserve Battery","Streamline"],"picked":"Leap","floor":11.0},{"not_picked":["FTL","Coolheaded","Rip and Tear"],"picked":"SKIP","floor":13.0},{"not_picked":["BootSequence","Consume"],"picked":"Chaos","floor":14.0},{"not_picked":["Meteor Strike","Echo Form"],"picked":"Biased Cognition","floor":16.0},{"not_picked":["Steam","Force Field"],"picked":"Streamline+1","floor":18.0},{"not_picked":["Compile Driver","Reprogram"],"picked":"Hologram","floor":21.0},{"not_picked":["Go for the Eyes","Cold Snap"],"picked":"Streamline+1","floor":21.0},{"not_picked":["Darkness","Static Discharge+1"],"picked":"Melter+1","floor":21.0},{"not_picked":["Turbo","Hologram"],"picked":"Stack","floor":21.0},{"not_picked":["Force Field","Reboot"],"picked":"Glacier+1","floor":21.0},{"not_picked":["Go for the Eyes","Redo","Rebound"],"picked":"SKIP","floor":22.0},{"not_picked":["Biased Cognition","Beam Cell+1"],"picked":"Ball Lightning","floor":23.0},{"not_picked":["Genetic Algorithm","Aggregate"],"picked":"Beam Cell+1","floor":24.0},{"not_picked":["Storm","Genetic Algorithm"],"picked":"Creative AI","floor":27.0},{"not_picked":["Gash","Coolheaded","Chill"],"picked":"SKIP","floor":30.0},{"not_picked":["Creative AI","Machine Learning"],"picked":"Core Surge","floor":33.0},{"not_picked":["Blizzard","Cold Snap+1","Sweeping Beam"],"picked":"SKIP","floor":35.0},{"not_picked":["Chill","Blizzard","Conserve Battery+1"],"picked":"SKIP","floor":36.0},{"not_picked":["Stack","Gash","Loop"],"picked":"SKIP","floor":37.0},{"not_picked":["Coolheaded","All For One","Sweeping Beam"],"picked":"SKIP","floor":38.0},{"not_picked":["Coolheaded+1","FTL+1"],"picked":"Force Field","floor":41.0},{"not_picked":["Steam+1","Streamline+1"],"picked":"Chaos+1","floor":46.0},{"not_picked":["Barrage","Heatsinks+1"],"picked":"Conserve Battery+1","floor":48.0}],"player_experience":74210,"relics_obtained":[{"floor":7.0,"key":"War Paint"},{"floor":9.0,"key":"Bag of Marbles"},{"floor":23.0,"key":"HornCleat"},{"floor":26.0,"key":"Omamori"},{"floor":27.0,"key":"Toy Ornithopter"},{"floor":29.0,"key":"Ginger"},{"floor":29.0,"key":"Bottled Tornado"},{"floor":41.0,"key":"Kunai"},{"floor":46.0,"key":"Toxic Egg 2"}],"event_choices":[{"damage_healed":0.0,"max_hp_gain":0.0,"max_hp_loss":0.0,"gold_gain":0.0,"event_name":"Shining Light","player_choice":"Entered Light","floor":2.0,"gold_loss":0.0,"damage_taken":15.0,"cards_upgraded":["Defend_B","Zap"]},{"damage_healed":0.0,"max_hp_gain":0.0,"max_hp_loss":0.0,"gold_gain":0.0,"event_name":"Scrap Ooze","player_choice":"Success","floor":4.0,"gold_loss":0.0,"damage_taken":18.0,"relics_obtained":["MealTicket"]},{"cards_removed":["Strike_B"],"damage_healed":0.0,"max_hp_gain":0.0,"max_hp_loss":0.0,"gold_gain":0.0,"event_name":"Bonfire Elementals","player_choice":"Offered Basic","floor":6.0,"gold_loss":0.0,"damage_taken":0.0},{"damage_healed":0.0,"max_hp_gain":0.0,"max_hp_loss":0.0,"gold_gain":0.0,"event_name":"The Mausoleum","player_choice":"Ignored","floor":19.0,"gold_loss":0.0,"damage_taken":0.0},{"damage_healed":0.0,"max_hp_gain":0.0,"max_hp_loss":0.0,"gold_gain":0.0,"event_name":"Vampires","player_choice":"Ignored","floor":20.0,"gold_loss":0.0,"damage_taken":0.0},{"damage_healed":0.0,"max_hp_gain":0.0,"max_hp_loss":0.0,"gold_gain":0.0,"event_name":"Forgotten Altar","player_choice":"Smashed Altar","floor":28.0,"gold_loss":0.0,"damage_taken":0.0,"cards_obtained":["Decay"]},{"damage_healed":0.0,"max_hp_gain":0.0,"max_hp_loss":0.0,"gold_gain":0.0,"event_name":"Colosseum","player_choice":"Fight","floor":29.0,"gold_loss":0.0,"damage_taken":0.0},{"damage_healed":0.0,"max_hp_gain":0.0,"max_hp_loss":0.0,"gold_gain":0.0,"event_name":"Colosseum","player_choice":"Fought Nobs","floor":29.0,"gold_loss":0.0,"damage_taken":0.0},{"damage_healed":0.0,"max_hp_gain":0.0,"max_hp_loss":0.0,"gold_gain":0.0,"event_name":"Addict","player_choice":"Obtained Relic","floor":31.0,"gold_loss":85.0,"damage_taken":0.0,"relics_obtained":["Lantern"]},{"cards_removed":["Beam Cell"],"damage_healed":0.0,"max_hp_gain":0.0,"max_hp_loss":0.0,"gold_gain":0.0,"event_name":"Falling","player_choice":"Removed Attack","floor":39.0,"gold_loss":0.0,"damage_taken":0.0},{"damage_healed":19.0,"max_hp_gain":0.0,"max_hp_loss":0.0,"gold_gain":0.0,"event_name":"Winding Halls","player_choice":"Writhe","floor":42.0,"gold_loss":0.0,"damage_taken":0.0,"cards_obtained":["Writhe"]},{"damage_healed":0.0,"max_hp_gain":0.0,"max_hp_loss":0.0,"gold_gain":0.0,"event_name":"SecretPortal","player_choice":"Ignored","floor":44.0,"gold_loss":0.0,"damage_taken":0.0}],"is_beta":false,"boss_relics":[{"not_picked":["Philosopher\u0027s Stone","Tiny House"],"picked":"Nuclear Battery"},{"not_picked":["Fusion Hammer","Sozu"],"picked":"SlaversCollar"}],"items_purged_floors":[21,25,47],"is_endless":false,"potions_floor_spawned":[3,5,14,18,23,29,30,33,36,38,46,48],"killed_by":"Awakened One","ascension_level":3}