{"gold_per_floor":[112,126,126,137,150,150,177,177,204,1,16,49,103,137,137,234,234,247,162,11,30,48,75,90,124,124,124,152,152,177,177,177,275,275,293,293,305,332,432,432,450,467,490,523,17,48,48],"floor_reached":47,"playtime":6741,"items_purged":["Strike_B","Strike_B"],"score":755,"play_id":"b9ad6d88-3b1f-4d1d-a09b-9a4262d34162","local_time":"20201021165557","is_ascension_mode":true,"campfire_choices":[{"data":"Fusion","floor":6,"key":"SMITH"},{"floor":8,"key":"REST"},{"floor":15,"key":"REST"},{"data":"Sunder","floor":27,"key":"SMITH"},{"floor":29,"key":"REST"},{"data":"Dualcast","floor":32,"key":"SMITH"},{"floor":40,"key":"REST"}],"neow_cost":"NONE","seed_source_timestamp":1881467075900,"circlet_count":0,"master_deck":["Defend_B","Defend_B","Defend_B","Defend_B","Zap+1","Dualcast+1","Glacier","Fusion+1","Leap","Doom and Gloom","Electrodynamics","Ball Lightning","Barrage","Turbo+1","Multi-Cast","Sunder+1","Ball Lightning+1","Redo+1","Conserve Battery","Capacitor","Core Surge","Cold Snap","Steam Power","Double Energy","Buffer","Redo+1","Conserve Battery","Melter","Sunder+1"],"relics":["Cracked Core","Kunai","Bag of Marbles","Oddly Smooth Stone","DataDisk","Regal Pillow","Tiny Chest","War Paint","Runic Pyramid","Toy Ornithopter","Strawberry","Nunchaku","Gremlin Horn","Boot","Bottled Lightning","Fusion Hammer","Dream Catcher","Anchor","Smiling Mask","Incense Burner","DollysMirror","Omamori"],"potions_floor_usage":[12,25,28,28,37,44],"damage_taken":[{"damage":0,"enemies":"Cultist","floor":1,"turns":3},{"damage":7,"enemies":"Jaw Worm","floor":2,"turns":3},{"damage":7,"enemies":"Small Slimes","floor":4,"turns":3},{"damage":0,"enemies":"Blue Slaver","floor":5,"turns":5},{"damage":55,"enemies":"Gremlin Nob","floor":7,"turns":5},{"damage":4,"enemies":"Exordium Wildlife","floor":11,"turns":2},{"damage":6,"enemies":"Lagavulin","floor":12,"turns":4},{"damage":1,"enemies":"3 Sentries","floor":14,"turns":4},{"damage":33,"enemies":"Hexaghost","floor":16,"turns":11},{"damage":2,"enemies":"Shell Parasite","floor":18,"turns":5},{"damage":6,"enemies":"Spheric Guardian","floor":21,"turns":5},{"damage":0,"enemies":"Snecko","floor":22,"turns":4},{"damage":1,"enemies":"Gremlin Leader","floor":23,"turns":5},{"damage":20,"enemies":"Snake Plant","floor":24,"turns":3},{"damage":16,"enemies":"Book of Stabbing","floor":25,"turns":5},{"damage":13,"enemies":"Slavers","floor":28,"turns":2},{"damage":33,"enemies":"Book of Stabbing","floor":30,"turns":5},{"damage":15,"enemies":"Collector","floor":33,"turns":9},{"damage":17,"enemies":"3 Shapes","floor":35,"turns":4},{"damage":17,"enemies":"3 Darklings","floor":37,"turns":2},{"damage":1,"enemies":"Transient","floor":41,"turns":5},{"damage":11,"enemies":"Maw","floor":42,"turns":5},{"damage":57,"enemies":"Giant Head","floor":44,"turns":10},{"damage":14,"enemies":"Reptomancer","floor":46,"turns":7},{"damage":12,"enemies":"Spire Growth","floor":47,"turns":2}],"seed_played":"-2495682425229851345","potions_obtained":[{"floor":1,"key":"SmokeBomb"},{"floor":4,"key":"SteroidPotion"},{"floor":11,"key":"PowerPotion"},{"floor":16,"key":"PowerPotion"},{"floor":18,"key":"CultistPotion"},{"floor":24,"key":"AttackPotion"},{"floor":25,"key":"Fire Potion"},{"floor":30,"key":"EssenceOfDarkness"},{"floor":35,"key":"PowerPotion"},{"floor":44,"key":"Energy Potion"},{"floor":46,"key":"PotionOfCapacity"}],"is_trial":false,"path_per_floor":["M","M","T","M","M","R","E","R","T","$","M","E","T","E","R","B",null,"M","?","$","M","M","E","M","E","T","R","E","R","E","?","R","B",null,"M","?","M","T","?","R","M","M","T","E","$","E","M"],"character_chosen":"DEFECT","items_purchased":["DataDisk","Ball Lightning","Sunder","Incense Burner","DollysMirror"],"campfire_rested":4,"item_purchase_floors":[10,10,20,45,45],"current_hp_per_floor":[75,68,68,61,61,61,6,30,30,30,26,20,20,19,58,25,68,66,66,66,60,60,66,46,35,35,35,32,73,40,40,40,25,73,56,56,44,44,44,85,84,73,73,21,21,7,0],"gold":48,"neow_bonus":"TEN_PERCENT_HP_BONUS","is_prod":false,"is_daily":false,"chose_seed":false,"campfire_upgraded":3,"win_rate":0,"timestamp":1603317357,"path_taken":["M","M","?","M","M","R","E","R","T","$","M","E","?","E","R","BOSS","M","?","$","M","M","E","M","E","T","R","E","R","E","?","R","BOSS","M","?","M","?","?","R","M","M","T","E","$","E","?"],"build_version":"2020-07-30","purchased_purges":2,"victory":false,"max_hp_per_floor":[82,82,82,82,82,82,82,82,82,82,82,82,82,82,82,82,82,82,82,82,82,82,89,89,89,89,89,89,89,89,89,89,89,89,89,89,89,89,89,89,89,89,89,89,89,89,89],"card_choices":[{"not_picked":["Turbo","Compile Driver"],"picked":"Glacier","floor":1},{"not_picked":["Go for the Eyes","Leap"],"picked":"Fusion","floor":2},{"not_picked":["Beam Cell","Hello World"],"picked":"Leap","floor":4},{"not_picked":["Hello World","Reinforced Body"],"picked":"Doom and Gloom","floor":5},{"not_picked":["Stack","Static Discharge"],"picked":"Electrodynamics","floor":7},{"not_picked":["Reprogram","Undo","Rebound"],"picked":"SKIP","floor":11},{"not_picked":["Streamline","Hello World"],"picked":"Barrage","floor":12},{"not_picked":["Ball Lightning","Scrape"],"picked":"Turbo","floor":14},{"not_picked":["Fission","Electrodynamics"],"picked":"Multi-Cast","floor":16},{"not_picked":["Stack","Rebound+1","Turbo"],"picked":"SKIP","floor":18},{"not_picked":["Aggregate","Barrage"],"picked":"Ball Lightning+1","floor":21},{"not_picked":["Genetic Algorithm","Compile Driver"],"picked":"Redo+1","floor":22},{"not_picked":["Sweeping Beam","Reboot"],"picked":"Conserve Battery","floor":23},{"not_picked":["Compile Driver","Auto Shields"],"picked":"Capacitor","floor":24},{"not_picked":["Rip and Tear","Hologram","Steam"],"picked":"SKIP","floor":25},{"not_picked":["Barrage","Aggregate"],"picked":"Core Surge","floor":28},{"not_picked":["Compile Driver","Conserve Battery"],"picked":"Cold Snap","floor":30},{"not_picked":["Machine Learning","Meteor Strike"],"picked":"Buffer","floor":33},{"not_picked":["Scrape+1","Barrage"],"picked":"Lockon","floor":35},{"not_picked":["Stack","Recycle"],"picked":"Redo+1","floor":37},{"not_picked":["Sweeping Beam+1","Undo"],"picked":"Conserve Battery","floor":41},{"not_picked":["Redo","Cold Snap","Sweeping Beam"],"picked":"SKIP","floor":42},{"not_picked":["Static Discharge+1","Stack+1"],"picked":"Melter","floor":44},{"not_picked":["Self Repair+1","Glacier","Rip and Tear+1"],"picked":"SKIP","floor":46}],"player_experience":111475,"relics_obtained":[{"floor":3,"key":"Kunai"},{"floor":7,"key":"Bag of Marbles"},{"floor":9,"key":"Oddly Smooth Stone"},{"floor":12,"key":"Regal Pillow"},{"floor":13,"key":"Tiny Chest"},{"floor":14,"key":"War Paint"},{"floor":23,"key":"Strawberry"},{"floor":25,"key":"Nunchaku"},{"floor":26,"key":"Gremlin Horn"},{"floor":28,"key":"Boot"},{"floor":30,"key":"Bottled Lightning"},{"floor":38,"key":"Dream Catcher"},{"floor":43,"key":"Anchor"},{"floor":44,"key":"Smiling Mask"},{"floor":46,"key":"Omamori"}],"event_choices":[{"damage_healed":0,"gold_gain":0,"player_choice":"Obtained Relic","damage_taken":0,"relics_obtained":["Toy Ornithopter"],"max_hp_gain":0,"max_hp_loss":0,"event_name":"Addict","floor":19,"gold_loss":85},{"damage_healed":0,"gold_gain":0,"cards_transformed":["Strike_B","Strike_B"],"player_choice":"Became Test Subject","damage_taken":0,"max_hp_gain":0,"max_hp_loss":0,"event_name":"Drug Dealer","floor":31,"gold_loss":0,"cards_obtained":["Steam Power","Double Energy"]},{"cards_removed":["Lockon"],"damage_healed":0,"gold_gain":0,"player_choice":"Removed Attack","damage_taken":0,"max_hp_gain":0,"max_hp_loss":0,"event_name":"Falling","floor":36,"gold_loss":0},{"damage_healed":0,"gold_gain":100,"player_choice":"Pray","damage_taken":0,"max_hp_gain":0,"max_hp_loss":0,"event_name":"Golden Shrine","floor":39,"gold_loss":0}],"is_beta":false,"boss_relics":[{"not_picked":["SacredBark","Calling Bell"],"picked":"Runic Pyramid"},{"not_picked":["Astrolabe","Philosopher\u0027s Stone"],"picked":"Fusion Hammer"}],"items_purged_floors":[20,45],"is_endless":false,"potions_floor_spawned":[1,4,11,16,18,24,25,30,35,44,46],"killed_by":"Spire Growth","ascension_level":6}