{"gold_per_floor":[113,113,125,141,24,50,61,72,118,20,20,20,54,69,69,171,171,184,184,184,195,205,205],"floor_reached":23,"playtime":3902,"items_purged":[],"score":264,"play_id":"5a72bb1f-122a-4e7c-ac7d-3a3abffe8721","local_time":"20201025174500","is_ascension_mode":true,"campfire_choices":[{"data":"Defragment","floor":11.0,"key":"SMITH"},{"data":"Loop","floor":15,"key":"SMITH"}],"neow_cost":"NONE","seed_source_timestamp":11094390056800,"circlet_count":0,"master_deck":["Strike_B","Strike_B","Strike_B","Strike_B","Defend_B","Defend_B","Defend_B","Defend_B","Zap","Dualcast","Self Repair","Redo","Fusion","Loop+1","BootSequence","Rainbow","Leap","Capacitor","Defragment+1","Streamline+1","Melter","Sunder","Biased Cognition","Necronomicurse","Consume","Genetic Algorithm"],"special_seed":0,"relics":["Cracked Core","Bottled Tornado","Juzu Bracelet","Bottled Flame","Inserter","Necronomicon"],"potions_floor_usage":[14,18,22],"damage_taken":[{"damage":2.0,"enemies":"Jaw Worm","floor":1.0,"turns":3.0},{"damage":0.0,"enemies":"Cultist","floor":3.0,"turns":3.0},{"damage":0.0,"enemies":"Small Slimes","floor":4.0,"turns":3.0},{"damage":10.0,"enemies":"3 Sentries","floor":6.0,"turns":4.0},{"damage":4.0,"enemies":"Red Slaver","floor":7.0,"turns":3.0},{"damage":8.0,"enemies":"Exordium Wildlife","floor":8.0,"turns":6.0},{"damage":13,"enemies":"Lagavulin","floor":13,"turns":6},{"damage":11,"enemies":"Large Slime","floor":14,"turns":4},{"damage":10,"enemies":"The Guardian","floor":16,"turns":11},{"damage":26,"enemies":"Chosen","floor":18,"turns":8},{"damage":20,"enemies":"Shell Parasite","floor":21,"turns":4},{"damage":17,"enemies":"Snecko","floor":22,"turns":4},{"damage":24,"enemies":"Slavers","floor":23,"turns":3}],"seed_played":"6930539918841123322","potions_obtained":[{"floor":1.0,"key":"Explosive Potion"},{"floor":2.0,"key":"AttackPotion"},{"floor":2.0,"key":"AttackPotion"},{"floor":6.0,"key":"Strength Potion"},{"floor":8.0,"key":"Fire Potion"},{"floor":14,"key":"Energy Potion"},{"floor":16,"key":"ColorlessPotion"},{"floor":18,"key":"ColorlessPotion"}],"is_trial":false,"path_per_floor":["M","?","M","M","$","E","M","M","T","$","R","$","E","M","R","B",null,"M","?","?","M","M","E"],"character_chosen":"DEFECT","items_purchased":["Loop","BootSequence","Defragment","Streamline"],"campfire_rested":0,"item_purchase_floors":[5,5,10,10],"current_hp_per_floor":[73,73,80,82,82,79,82,81,81,81,81,81,75,71,71,68,79,60,60,44,31,21,0],"gold":205,"neow_bonus":"TEN_PERCENT_HP_BONUS","is_prod":false,"is_daily":false,"chose_seed":false,"campfire_upgraded":2,"win_rate":0,"timestamp":1603665900,"path_taken":["M","?","M","M","$","E","M","M","T","?","R","$","E","M","R","BOSS","M","?","?","M","M","E"],"build_version":"2020-07-30","purchased_purges":0,"victory":false,"max_hp_per_floor":[82,82,82,82,82,82,82,82,82,82,82,82,82,82,82,82,82,82,82,82,82,82,82],"card_choices":[{"not_picked":["Go for the Eyes","Leap"],"picked":"Self Repair","floor":1.0},{"not_picked":["Gash","Compile Driver"],"picked":"Redo","floor":3.0},{"not_picked":["Self Repair","Chaos"],"picked":"Fusion","floor":4.0},{"not_picked":["Barrage","Steam"],"picked":"Rainbow","floor":6.0},{"not_picked":["Turbo","Conserve Battery"],"picked":"Leap","floor":7.0},{"not_picked":["Conserve Battery","Cold Snap"],"picked":"Capacitor","floor":8.0},{"not_picked":["White Noise","Reboot"],"picked":"Melter","floor":13},{"not_picked":["Redo","Steam Power"],"picked":"Sunder","floor":14},{"not_picked":["Multi-Cast","Thunder Strike"],"picked":"Biased Cognition","floor":16},{"not_picked":["Rebound","White Noise","BootSequence"],"picked":"SKIP","floor":18},{"not_picked":["Capacitor","Coolheaded+1"],"picked":"Consume","floor":21},{"not_picked":["Barrage","Consume"],"picked":"Genetic Algorithm","floor":22}],"player_experience":132450,"relics_obtained":[{"floor":6.0,"key":"Bottled Tornado"},{"floor":9.0,"key":"Juzu Bracelet"},{"floor":13,"key":"Bottled Flame"},{"floor":20,"key":"Necronomicon"}],"event_choices":[{"damage_healed":0.0,"max_hp_gain":0.0,"max_hp_loss":0.0,"gold_gain":0.0,"event_name":"Lab","player_choice":"Got Potions","floor":2.0,"gold_loss":0.0,"damage_taken":0.0},{"damage_healed":0,"gold_gain":0,"player_choice":"Upgraded","damage_taken":0,"max_hp_gain":0,"max_hp_loss":0,"event_name":"Upgrade Shrine","floor":19,"gold_loss":0,"cards_upgraded":["Streamline"]},{"damage_healed":0,"gold_gain":0,"player_choice":"Obtained Book","damage_taken":16,"max_hp_gain":0,"max_hp_loss":0,"event_name":"Cursed Tome","floor":20,"gold_loss":0}],"is_beta":false,"boss_relics":[{"not_picked":["Runic Pyramid","Black Star"],"picked":"Inserter"}],"items_purged_floors":[],"is_endless":false,"potions_floor_spawned":[1,4,6,8,14,16,18,21],"killed_by":"Slavers","ascension_level":6}