{"gold_per_floor":[110,127,77,93,18,18,43,54,54,54,88,88,107,133,133,233,233,233,233,233,233,5,5,5,5,5,5,5,5,5,5,5,5],"floor_reached":33,"playtime":6402,"items_purged":["Strike_B"],"score":455,"play_id":"5d896a70-7ea6-4258-8fd3-8579f540fdca","local_time":"20201102192216","is_ascension_mode":true,"campfire_choices":[{"data":"Zap","floor":6,"key":"SMITH"},{"floor":12,"key":"REST"},{"data":"Self Repair","floor":15,"key":"SMITH"},{"data":"Sunder","floor":30,"key":"SMITH"},{"data":"Redo","floor":32,"key":"SMITH"}],"neow_cost":"NONE","seed_source_timestamp":286360978000,"circlet_count":0,"master_deck":["Strike_B","Defend_B","Defend_B","Defend_B","Defend_B","Zap+1","Dualcast","Auto Shields","Steam","Doom and Gloom","Redo+1","Cold Snap","Self Repair+1","Ball Lightning","Cold Snap","Go for the Eyes+1","Zap+1","Sunder+1","Ball Lightning+1"],"relics":["Cracked Core","Omamori","InkBottle","Emotion Chip","Thread and Needle","Strawberry","Ectoplasm","DataDisk","Juzu Bracelet","Gambling Chip","Du-Vu Doll"],"potions_floor_usage":[11,13,33],"damage_taken":[{"damage":0,"enemies":"2 Louse","floor":1,"turns":3},{"damage":8,"enemies":"Small Slimes","floor":2,"turns":4},{"damage":0,"enemies":"Cultist","floor":4,"turns":3},{"damage":9,"enemies":"Gremlin Nob","floor":7,"turns":3},{"damage":13,"enemies":"Large Slime","floor":8,"turns":5},{"damage":20,"enemies":"3 Sentries","floor":11,"turns":6},{"damage":0,"enemies":"Gremlin Gang","floor":13,"turns":3},{"damage":2,"enemies":"Lagavulin","floor":14,"turns":6},{"damage":21,"enemies":"The Guardian","floor":16,"turns":12},{"damage":10,"enemies":"Shell Parasite","floor":18,"turns":8},{"damage":0,"enemies":"Chosen","floor":19,"turns":5},{"damage":16,"enemies":"3 Cultists","floor":20,"turns":6},{"damage":22,"enemies":"Slavers","floor":23,"turns":4},{"damage":0,"enemies":"Snecko","floor":24,"turns":5},{"damage":8,"enemies":"Gremlin Leader","floor":25,"turns":7},{"damage":16,"enemies":"Slavers","floor":27,"turns":6},{"damage":14,"enemies":"Snake Plant","floor":29,"turns":3},{"damage":62,"enemies":"Collector","floor":33,"turns":10}],"seed_played":"-5143233353397381621","potions_obtained":[{"floor":4,"key":"Energy Potion"},{"floor":8,"key":"Energy Potion"},{"floor":11,"key":"SkillPotion"},{"floor":13,"key":"SpeedPotion"},{"floor":19,"key":"LiquidBronze"},{"floor":31,"key":"PowerPotion"}],"is_trial":false,"path_per_floor":["M","M","?","M","$","R","E","M","T","?","E","R","M","E","R","B",null,"M","M","M","?","$","E","M","E","T","E","?","M","R","?","R","B"],"character_chosen":"DEFECT","items_purchased":["DataDisk","PotionOfCapacity"],"campfire_rested":1,"item_purchase_floors":[22,22],"current_hp_per_floor":[68,60,60,60,60,60,51,38,38,38,18,40,40,52,52,41,72,72,82,76,76,76,64,74,76,76,70,70,56,56,56,56,0],"gold":5,"neow_bonus":"REMOVE_CARD","is_prod":false,"is_daily":false,"chose_seed":false,"campfire_upgraded":4,"win_rate":0,"timestamp":1604366536,"path_taken":["M","M","?","M","$","R","E","M","T","?","E","R","M","E","R","BOSS","M","M","M","?","$","E","M","E","T","E","?","M","R","?","R","BOSS"],"build_version":"2020-07-30","purchased_purges":1,"victory":false,"max_hp_per_floor":[75,75,75,75,75,75,75,75,75,75,75,75,75,82,82,82,82,82,82,82,82,82,82,82,82,82,82,82,82,82,82,82,82],"card_choices":[{"not_picked":["Rebound","Beam Cell"],"picked":"Auto Shields","floor":1},{"not_picked":["Hello World","Recycle"],"picked":"Steam","floor":2},{"not_picked":["Leap","Streamline"],"picked":"Doom and Gloom","floor":4},{"not_picked":["Auto Shields","Barrage"],"picked":"Redo","floor":7},{"not_picked":["Coolheaded","Melter"],"picked":"Cold Snap","floor":8},{"not_picked":["Meteor Strike","Force Field","Beam Cell"],"picked":"SKIP","floor":11},{"not_picked":["Loop","White Noise"],"picked":"Self Repair","floor":13},{"not_picked":["Redo","Coolheaded"],"picked":"Ball Lightning","floor":14},{"not_picked":["Leap","Steam+1"],"picked":"Cold Snap","floor":18},{"not_picked":["Conserve Battery","Cold Snap"],"picked":"Go for the Eyes+1","floor":19},{"not_picked":["Go for the Eyes","Rebound","Gash"],"picked":"SKIP","floor":20},{"not_picked":["Storm+1","Reboot"],"picked":"Sunder","floor":23},{"not_picked":["Rebound","Barrage"],"picked":"Ball Lightning+1","floor":24},{"not_picked":["Compile Driver+1","Consume","Heatsinks"],"picked":"SKIP","floor":25},{"not_picked":["Steam Power","Self Repair+1","Doom and Gloom+1"],"picked":"SKIP","floor":27},{"not_picked":["Stack","Hyperbeam","Rebound"],"picked":"SKIP","floor":29}],"player_experience":152978,"relics_obtained":[{"floor":7,"key":"Omamori"},{"floor":9,"key":"InkBottle"},{"floor":11,"key":"Thread and Needle"},{"floor":14,"key":"Strawberry"},{"floor":23,"key":"Juzu Bracelet"},{"floor":25,"key":"Gambling Chip"},{"floor":27,"key":"Du-Vu Doll"}],"event_choices":[{"cards_removed":["Strike_B"],"damage_healed":0,"gold_gain":0,"player_choice":"Card Removal","damage_taken":0,"max_hp_gain":0,"max_hp_loss":0,"event_name":"The Cleric","floor":3,"gold_loss":50},{"damage_healed":0,"gold_gain":0,"player_choice":"Box","damage_taken":0,"relics_obtained":["Emotion Chip"],"max_hp_gain":0,"max_hp_loss":0,"event_name":"Big Fish","floor":10,"gold_loss":0,"cards_obtained":["Regret"]},{"damage_healed":0,"gold_gain":0,"player_choice":"Copied","damage_taken":0,"max_hp_gain":0,"max_hp_loss":0,"event_name":"Duplicator","floor":21,"gold_loss":0,"cards_obtained":["Zap"]},{"damage_healed":0,"gold_gain":99,"player_choice":"Stole From Cult","damage_taken":0,"max_hp_gain":0,"max_hp_loss":0,"event_name":"Nest","floor":28,"gold_loss":0},{"damage_healed":0,"gold_gain":0,"player_choice":"Got Potions","damage_taken":0,"max_hp_gain":0,"max_hp_loss":0,"event_name":"Lab","floor":31,"gold_loss":0}],"is_beta":false,"boss_relics":[{"not_picked":["Philosopher\u0027s Stone","Black Star"],"picked":"Ectoplasm"}],"items_purged_floors":[5],"is_endless":false,"potions_floor_spawned":[4,8,11,13,19,24,29],"killed_by":"Collector","ascension_level":8}