{"gold_per_floor":[112,112,125,125,140,174,174,189,267,19,48,48,48,67,67,169,169,187,187,187,207,8,38,38,38,38,50,50,50,50,60,60,162,162,178,178,195,0,16,16,47,63,63,63,63,28,43,5,5,5],"floor_reached":51,"playtime":5454,"items_purged":[],"score":1192,"play_id":"f925499a-50fb-4bc5-82a6-0613329e0728","local_time":"20201117234238","is_ascension_mode":true,"campfire_choices":[{"floor":7,"key":"REST"},{"floor":13,"key":"REST"},{"data":"Fusion","floor":15,"key":"SMITH"},{"data":"Hologram","floor":24,"key":"SMITH"},{"floor":28,"key":"REST"},{"floor":30,"key":"REST"},{"data":"Consume","floor":32,"key":"SMITH"},{"floor":40,"key":"REST"},{"data":"Defragment","floor":45,"key":"SMITH"},{"data":"Static Discharge","floor":49,"key":"SMITH"}],"neow_cost":"NONE","seed_source_timestamp":207692726400,"circlet_count":0,"master_deck":["AscendersBane","Strike_B+1","Strike_B+1","Strike_B+1","Strike_B+1","Defend_B+1","Defend_B+1","Defend_B+1","Defend_B+1","Zap","Dualcast","Hologram+1","Fusion+1","Ball Lightning","Consume+1","Ball Lightning","Ball Lightning","Glacier","Ghostly","Ghostly","Ghostly","Ghostly","Ghostly+1","Defragment+1","Turbo","Barrage+1","Steam+1","Chaos+1","Biased Cognition","Aggregate+1","Biased Cognition","Darkness","Static Discharge+1"],"relics":["Runic Pyramid","Lizard Tail","Ancient Tea Set","Matryoshka","Happy Flower","DataDisk","Inserter","Strange Spoon","Bird Faced Urn","Dream Catcher","TungstenRod","Philosopher\u0027s Stone","Red Mask","Nunchaku","War Paint","Pear"],"potions_floor_usage":[5,6,11,16,33,37,39,50,50],"damage_taken":[{"damage":0,"enemies":"Cultist","floor":1,"turns":4},{"damage":8,"enemies":"Small Slimes","floor":3,"turns":5},{"damage":2,"enemies":"Jaw Worm","floor":5,"turns":4},{"damage":24,"enemies":"Lagavulin","floor":6,"turns":10},{"damage":6,"enemies":"2 Fungi Beasts","floor":8,"turns":3},{"damage":22,"enemies":"3 Sentries","floor":11,"turns":5},{"damage":0,"enemies":"Large Slime","floor":14,"turns":3},{"damage":9,"enemies":"Hexaghost","floor":16,"turns":8},{"damage":27,"enemies":"3 Byrds","floor":18,"turns":5},{"damage":6,"enemies":"Shell Parasite","floor":21,"turns":6},{"damage":16,"enemies":"Gremlin Leader","floor":23,"turns":8},{"damage":0,"enemies":"Snake Plant","floor":27,"turns":5},{"damage":0,"enemies":"Cultist and Chosen","floor":31,"turns":7},{"damage":0,"enemies":"Collector","floor":33,"turns":9},{"damage":11,"enemies":"Orb Walker","floor":35,"turns":3},{"damage":14,"enemies":"3 Darklings","floor":37,"turns":7},{"damage":16,"enemies":"Sphere and 2 Shapes","floor":39,"turns":6},{"damage":0,"enemies":"Reptomancer","floor":41,"turns":8},{"damage":5,"enemies":"Maw","floor":42,"turns":8},{"damage":0,"enemies":"Transient","floor":47,"turns":5},{"damage":0,"enemies":"Donu and Deca","floor":50,"turns":8}],"seed_played":"9095799526015863278","potions_obtained":[{"floor":1,"key":"DuplicationPotion"},{"floor":3,"key":"Weak Potion"},{"floor":11,"key":"Regen Potion"},{"floor":14,"key":"DistilledChaos"},{"floor":23,"key":"Energy Potion"},{"floor":27,"key":"SteroidPotion"},{"floor":33,"key":"Strength Potion"},{"floor":37,"key":"PowerPotion"},{"floor":42,"key":"Dexterity Potion"}],"is_trial":false,"path_per_floor":["M","T","M","?","M","E","R","M","T","$","E","?","R","M","R","B",null,"M","?","?","M","$","E","R","?","T","M","R","$","R","M","R","B",null,"M","?","M","?","M","R","E","M","T","$","R","$","M","$","R","B",null],"character_chosen":"DEFECT","items_purchased":["Happy Flower","Ball Lightning","Explosive Potion","Strange Spoon","Turbo","Darkness","Static Discharge"],"campfire_rested":5,"item_purchase_floors":[10,10,10,22,22,46,48],"current_hp_per_floor":[68,68,60,60,58,34,56,50,50,50,28,13,35,35,35,41,67,40,40,37,31,31,15,15,11,11,13,25,25,37,39,39,41,42,31,31,21,21,9,21,25,26,36,36,36,36,38,38,38,46],"gold":5,"neow_bonus":"BOSS_RELIC","is_prod":false,"is_daily":false,"chose_seed":false,"campfire_upgraded":5,"win_rate":0,"timestamp":1605678158,"path_taken":["M","?","M","?","M","E","R","M","T","$","E","?","R","M","R","BOSS","M","?","?","M","$","E","R","?","T","M","R","$","R","M","R","BOSS","M","?","M","?","M","R","E","M","T","$","R","?","M","$","R","BOSS"],"build_version":"2020-07-30","purchased_purges":0,"victory":true,"max_hp_per_floor":[75,75,75,75,75,75,75,75,75,75,75,75,75,75,75,75,75,75,75,37,37,37,37,37,42,42,42,42,42,42,42,42,42,42,42,40,40,40,40,40,40,40,50,50,50,50,50,50,50,50],"card_choices":[{"not_picked":["Hello World","Barrage"],"picked":"Hologram","floor":1},{"not_picked":["Scrape","Skim"],"picked":"Fusion","floor":3},{"not_picked":["Scrape","FTL","Hello World"],"picked":"SKIP","floor":5},{"not_picked":["Seek","Gash"],"picked":"Ball Lightning","floor":6},{"not_picked":["Auto Shields","Sweeping Beam"],"picked":"Consume","floor":8},{"not_picked":["FTL","Leap","Compile Driver"],"picked":"SKIP","floor":11},{"not_picked":["Steam","Streamline"],"picked":"Ball Lightning","floor":14},{"not_picked":["Beam Cell","Steam Power"],"picked":"Glacier","floor":18},{"not_picked":["Redo","Streamline"],"picked":"Defragment","floor":21},{"not_picked":["Coolheaded","Seek"],"picked":"Barrage+1","floor":23},{"not_picked":["Steam","Fusion","Leap"],"picked":"SKIP","floor":27},{"not_picked":["Stack","Gash"],"picked":"Steam+1","floor":28},{"not_picked":["Compile Driver+1","Cold Snap"],"picked":"Chaos","floor":30},{"not_picked":["Fusion","Static Discharge+1","Heatsinks"],"picked":"SKIP","floor":31},{"not_picked":["All For One","Buffer"],"picked":"Biased Cognition","floor":33},{"not_picked":["Beam Cell","Rebound","Double Energy+1"],"picked":"SKIP","floor":35},{"not_picked":["Coolheaded","Redo+1"],"picked":"Aggregate+1","floor":37},{"not_picked":["Compile Driver+1","Turbo","Sunder+1"],"picked":"SKIP","floor":39},{"not_picked":["Cold Snap","Redo+1"],"picked":"Biased Cognition","floor":41},{"not_picked":["Conserve Battery","Sweeping Beam","Chill+1"],"picked":"SKIP","floor":42},{"not_picked":["Steam+1","Conserve Battery","BootSequence+1"],"picked":"SKIP","floor":47}],"player_experience":183132,"relics_obtained":[{"floor":2,"key":"Lizard Tail"},{"floor":6,"key":"Ancient Tea Set"},{"floor":9,"key":"Matryoshka"},{"floor":11,"key":"DataDisk"},{"floor":23,"key":"Bird Faced Urn"},{"floor":26,"key":"Dream Catcher"},{"floor":26,"key":"TungstenRod"},{"floor":41,"key":"Nunchaku"},{"floor":43,"key":"War Paint"},{"floor":43,"key":"Pear"}],"event_choices":[{"damage_healed":0,"gold_gain":0,"player_choice":"Ignored","damage_taken":0,"max_hp_gain":0,"max_hp_loss":0,"event_name":"Liars Game","floor":4,"gold_loss":0},{"damage_healed":0,"gold_gain":0,"player_choice":"Entered Light","damage_taken":15,"max_hp_gain":0,"max_hp_loss":0,"event_name":"Shining Light","floor":12,"gold_loss":0,"cards_upgraded":["Strike_B","Defend_B"]},{"damage_healed":0,"gold_gain":0,"player_choice":"Simplicity","damage_taken":0,"max_hp_gain":0,"max_hp_loss":0,"event_name":"Back to Basics","floor":19,"gold_loss":0,"cards_upgraded":["Strike_B","Strike_B","Strike_B","Defend_B","Defend_B","Defend_B"]},{"damage_healed":0,"gold_gain":0,"player_choice":"Became a Ghost","damage_taken":0,"max_hp_gain":0,"max_hp_loss":38,"event_name":"Ghosts","floor":20,"gold_loss":0,"cards_obtained":["Ghostly","Ghostly","Ghostly","Ghostly","Ghostly"]},{"damage_healed":0,"gold_gain":0,"player_choice":"Shed Blood","damage_taken":9,"max_hp_gain":5,"max_hp_loss":0,"event_name":"Forgotten Altar","floor":25,"gold_loss":0},{"damage_healed":0,"gold_gain":0,"player_choice":"Max HP","damage_taken":0,"max_hp_gain":0,"max_hp_loss":2,"event_name":"Winding Halls","floor":36,"gold_loss":0},{"damage_healed":0,"gold_gain":0,"player_choice":"Paid","damage_taken":0,"relics_obtained":["Red Mask"],"max_hp_gain":0,"max_hp_loss":0,"event_name":"Tomb of Lord Red Mask","floor":38,"gold_loss":195}],"is_beta":false,"boss_relics":[{"not_picked":["SlaversCollar","Busted Crown"],"picked":"Inserter"},{"not_picked":["Sozu","Snecko Eye"],"picked":"Philosopher\u0027s Stone"}],"items_purged_floors":[],"is_endless":false,"potions_floor_spawned":[1,3,11,14,23,27,33,37,42],"ascension_level":10}