{"gold_per_floor":[111,111,121,134,151,151,180,180,180,214,229,229,264,275,275,349,349,363,381,101,125,136,136,165,0,0,0,0,11,11,37,37,113,113,127,138,138,155,165,165,194,194,194,46,0,0,17,17],"floor_reached":48,"playtime":7523,"items_purged":["Strike_B","Defend_B"],"score":858,"play_id":"0921ba6a-8f18-4f2d-b3e6-872563acc926","local_time":"20201216200542","is_ascension_mode":true,"campfire_choices":[{"data":"Defragment","floor":6.0,"key":"SMITH"},{"floor":12.0,"key":"REST"},{"floor":15.0,"key":"REST"},{"floor":23.0,"key":"REST"},{"floor":27.0,"key":"REST"},{"floor":32.0,"key":"REST"},{"floor":40.0,"key":"REST"},{"data":"Seek","floor":42.0,"key":"SMITH"},{"floor":46.0,"key":"RECALL"}],"neow_cost":"NONE","seed_source_timestamp":1060896983200,"circlet_count":0,"master_deck":["AscendersBane","Defend_B","Defend_B","Defend_B","Zap","Dualcast","Doom and Gloom","Sunder+1","Ball Lightning","Defragment+1","Go for the Eyes","Amplify","Leap","Steam","Auto Shields","Conserve Battery","Recycle","Steam+1","Steam Power","Ball Lightning","Glacier","Seek+1","Compile Driver+1","Glacier+1","Parasite"],"special_seed":0,"relics":["Philosopher\u0027s Stone","GremlinMask","Mango","Incense Burner","Emotion Chip","Gremlin Horn","Snecko Eye","Happy Flower","Toy Ornithopter","Vajra","Shuriken","Meat on the Bone","Velvet Choker","Bag of Marbles","Red Mask"],"potions_floor_usage":[48],"damage_taken":[{"damage":9.0,"enemies":"2 Louse","floor":1.0,"turns":3.0},{"damage":1.0,"enemies":"Cultist","floor":3.0,"turns":4.0},{"damage":3.0,"enemies":"Jaw Worm","floor":4.0,"turns":3.0},{"damage":4.0,"enemies":"Lots of Slimes","floor":5.0,"turns":2.0},{"damage":3.0,"enemies":"Gremlin Nob","floor":7.0,"turns":3.0},{"damage":29.0,"enemies":"3 Sentries","floor":10.0,"turns":4.0},{"damage":4.0,"enemies":"Blue Slaver","floor":11.0,"turns":2.0},{"damage":6.0,"enemies":"Gremlin Nob","floor":13.0,"turns":3.0},{"damage":0.0,"enemies":"2 Fungi Beasts","floor":14.0,"turns":2.0},{"damage":37.0,"enemies":"The Guardian","floor":16.0,"turns":9.0},{"damage":21.0,"enemies":"Spheric Guardian","floor":18.0,"turns":4.0},{"damage":17.0,"enemies":"2 Thieves","floor":19.0,"turns":3.0},{"damage":11.0,"enemies":"Centurion and Healer","floor":22.0,"turns":6.0},{"damage":32.0,"enemies":"Slavers","floor":24.0,"turns":5.0},{"damage":9.0,"enemies":"Chosen and Byrds","floor":29.0,"turns":4.0},{"damage":29.0,"enemies":"Book of Stabbing","floor":31.0,"turns":5.0},{"damage":41.0,"enemies":"Collector","floor":33.0,"turns":14.0},{"damage":1.0,"enemies":"3 Shapes","floor":35.0,"turns":5.0},{"damage":13.0,"enemies":"3 Darklings","floor":36.0,"turns":5.0},{"damage":15.0,"enemies":"Sphere and 2 Shapes","floor":38.0,"turns":5.0},{"damage":25.0,"enemies":"Writhing Mass","floor":39.0,"turns":8.0},{"damage":1.0,"enemies":"Reptomancer","floor":41.0,"turns":5.0},{"damage":9.0,"enemies":"Jaw Worm Horde","floor":47.0,"turns":4.0},{"damage":75,"enemies":"Giant Head","floor":48,"turns":12}],"seed_played":"-5875484136470947583","potions_obtained":[{"floor":3.0,"key":"Fire Potion"},{"floor":4.0,"key":"CultistPotion"},{"floor":10.0,"key":"Swift Potion"},{"floor":13.0,"key":"Dexterity Potion"},{"floor":16.0,"key":"Dexterity Potion"},{"floor":24.0,"key":"PowerPotion"},{"floor":31.0,"key":"Explosive Potion"},{"floor":33.0,"key":"AttackPotion"},{"floor":35.0,"key":"Strength Potion"},{"floor":36.0,"key":"BlessingOfTheForge"},{"floor":41.0,"key":"CultistPotion"}],"is_trial":false,"path_per_floor":["M","?","M","M","M","R","E","?","T","E","M","R","E","M","R","B",null,"M","M","$","T","M","R","E","?","T","R","?","M","?","E","R","B",null,"M","M","?","M","M","R","E","R","T","$","?","R","M","E"],"character_chosen":"DEFECT","items_purchased":["Conserve Battery","Happy Flower","Fire Potion"],"campfire_rested":6,"item_purchase_floors":[20,20,44],"current_hp_per_floor":[59,59,58,55,51,51,62,62,62,33,29,55,49,49,75,38,76,55,38,38,38,27,53,31,31,31,57,57,53,53,24,50,26,73,72,64,64,49,36,62,71,71,71,71,71,71,62,0],"gold":17,"neow_bonus":"BOSS_RELIC","is_prod":false,"is_daily":false,"chose_seed":false,"campfire_upgraded":2,"win_rate":0,"timestamp":1608170742,"path_taken":["M","?","M","?","M","R","E","?","T","E","M","R","E","M","R","BOSS","M","M","$","?","M","R","E","?","T","R","?","?","?","E","R","BOSS","M","M","?","M","M","R","E","R","T","$","?","R","M","E"],"build_version":"2020-12-13","purchased_purges":2,"victory":false,"max_hp_per_floor":[75,75,75,75,75,75,89,89,89,89,89,89,89,89,89,89,89,89,89,89,89,89,89,89,89,89,89,89,89,89,89,89,89,89,89,89,89,89,89,89,89,89,89,89,89,89,89,89],"card_choices":[{"not_picked":["Compile Driver","Rebound"],"picked":"Doom and Gloom","floor":1.0},{"not_picked":["Conserve Battery","Reinforced Body"],"picked":"Sunder","floor":3.0},{"not_picked":["Turbo","Heatsinks"],"picked":"Ball Lightning","floor":4.0},{"not_picked":["Coolheaded","Conserve Battery"],"picked":"Defragment","floor":5.0},{"not_picked":["Rebound","Storm"],"picked":"Go for the Eyes","floor":7.0},{"not_picked":["Redo","Leap"],"picked":"Amplify","floor":10.0},{"not_picked":["Tempest","Go for the Eyes","Capacitor"],"picked":"SKIP","floor":11.0},{"not_picked":["Scrape","Rebound"],"picked":"Leap","floor":13.0},{"not_picked":["Coolheaded","Go for the Eyes"],"picked":"Steam","floor":14.0},{"not_picked":["Scrape","Rebound","Streamline"],"picked":"SKIP","floor":18.0},{"not_picked":["Barrage","Cold Snap"],"picked":"Auto Shields","floor":19.0},{"not_picked":["Auto Shields","Go for the Eyes"],"picked":"Recycle","floor":22.0},{"not_picked":["Hologram","Rip and Tear"],"picked":"Steam+1","floor":24.0},{"not_picked":["Beam Cell","Conserve Battery","Hologram"],"picked":"SKIP","floor":29.0},{"not_picked":["All For One","Leap+1"],"picked":"Glacier","floor":31.0},{"not_picked":["All For One","Thunder Strike"],"picked":"Seek","floor":33.0},{"not_picked":["Genetic Algorithm","FTL"],"picked":"Compile Driver+1","floor":35.0},{"not_picked":["Rip and Tear","White Noise+1","Gash+1"],"picked":"SKIP","floor":36.0},{"not_picked":["Turbo","Steam Power"],"picked":"Glacier+1","floor":38.0},{"not_picked":["FTL","Reprogram","Barrage"],"picked":"SKIP","floor":39.0},{"not_picked":["Genetic Algorithm","Scrape+1","Sweeping Beam"],"picked":"SKIP","floor":41.0},{"not_picked":["Steam","Rebound","Gash+1"],"picked":"SKIP","floor":47.0}],"player_experience":220903,"relics_obtained":[{"floor":7.0,"key":"Mango"},{"floor":9.0,"key":"Incense Burner"},{"floor":10.0,"key":"Emotion Chip"},{"floor":13.0,"key":"Gremlin Horn"},{"floor":21.0,"key":"Toy Ornithopter"},{"floor":24.0,"key":"Vajra"},{"floor":26.0,"key":"Shuriken"},{"floor":31.0,"key":"Meat on the Bone"},{"floor":41.0,"key":"Bag of Marbles"}],"event_choices":[{"damage_healed":0.0,"max_hp_gain":0.0,"max_hp_loss":0.0,"gold_gain":0.0,"event_name":"FaceTrader","player_choice":"Trade","floor":2.0,"gold_loss":0.0,"damage_taken":0.0,"relics_obtained":["GremlinMask"]},{"damage_healed":0.0,"max_hp_gain":0.0,"max_hp_loss":0.0,"gold_gain":0.0,"event_name":"Upgrade Shrine","player_choice":"Upgraded","floor":8.0,"gold_loss":0.0,"damage_taken":0.0,"cards_upgraded":["Sunder"]},{"damage_healed":0.0,"max_hp_gain":0.0,"max_hp_loss":0.0,"gold_gain":0.0,"event_name":"Masked Bandits","player_choice":"Paid Fearfully","floor":25.0,"gold_loss":165.0,"damage_taken":0.0},{"damage_healed":0.0,"max_hp_gain":0.0,"max_hp_loss":0.0,"gold_gain":0.0,"event_name":"The Mausoleum","player_choice":"Ignored","floor":28.0,"gold_loss":0.0,"damage_taken":0.0},{"damage_healed":0.0,"max_hp_gain":0.0,"max_hp_loss":0.0,"gold_gain":0.0,"cards_transformed":["Strike_B","Strike_B"],"event_name":"Drug Dealer","player_choice":"Became Test Subject","floor":30.0,"gold_loss":0.0,"damage_taken":0.0,"cards_obtained":["Steam Power","Ball Lightning"]},{"cards_removed":["Strike_B"],"damage_healed":0.0,"max_hp_gain":0.0,"max_hp_loss":0.0,"gold_gain":0.0,"event_name":"Falling","player_choice":"Removed Attack","floor":37.0,"gold_loss":0.0,"damage_taken":0.0},{"damage_healed":0.0,"max_hp_gain":0.0,"max_hp_loss":0.0,"gold_gain":0.0,"event_name":"Tomb of Lord Red Mask","player_choice":"Paid","floor":45.0,"gold_loss":46.0,"damage_taken":0.0,"relics_obtained":["Red Mask"]}],"is_beta":false,"boss_relics":[{"not_picked":["Busted Crown","Empty Cage"],"picked":"Snecko Eye"},{"not_picked":["Fusion Hammer","Black Star"],"picked":"Velvet Choker"}],"items_purged_floors":[20,44],"is_endless":false,"potions_floor_spawned":[3,4,10,13,16,22,24,31,33,35,36,41],"killed_by":"Giant Head","ascension_level":13}