{"gold_per_floor":[117,42,58,58,75,75,100,100,126,151,171,151,151,127,127,206,206,180,20,20,20,34,34,44,79,105,105,21,21,41,41],"floor_reached":31,"playtime":1297,"items_purged":[],"score":487,"play_id":"5190b9f7-2d01-42c5-9290-0aaeeb1bbf8d","local_time":"20210411152500","is_ascension_mode":true,"campfire_choices":[{"data":"Zap","floor":6,"key":"SMITH"},{"floor":8,"key":"REST"},{"floor":13,"key":"REST"},{"floor":15,"key":"REST"},{"floor":23,"key":"REST"},{"floor":29,"key":"REST"}],"neow_cost":"NONE","seed_source_timestamp":19839550857600,"circlet_count":0,"master_deck":["AscendersBane","Strike_B","Strike_B","Strike_B","Defend_B","Defend_B","Defend_B","Zap+1","Dualcast","BootSequence","Genetic Algorithm","Go for the Eyes+1","Chill","Loop","Echo Form","Core Surge+1","CurseOfTheBell","Rip and Tear","Buffer","Defragment+1","Glacier","Conserve Battery"],"relics":["Cracked Core","NeowsBlessing","Tiny Chest","Strawberry","Vajra","Calling Bell","Lizard Tail","Bronze Scales","Pantograph","Whetstone","Orichalcum","Incense Burner","Bag of Marbles"],"potions_floor_usage":[7,16],"damage_taken":[{"damage":0,"enemies":"2 Louse","floor":1,"turns":1},{"damage":0,"enemies":"Small Slimes","floor":3,"turns":1},{"damage":0,"enemies":"Cultist","floor":5,"turns":1},{"damage":41,"enemies":"Gremlin Nob","floor":7,"turns":5},{"damage":20,"enemies":"Lagavulin","floor":10,"turns":7},{"damage":2,"enemies":"Red Slaver","floor":11,"turns":4},{"damage":21,"enemies":"Exordium Thugs","floor":14,"turns":5},{"damage":44,"enemies":"Hexaghost","floor":16,"turns":11},{"damage":26,"enemies":"2 Thieves","floor":18,"turns":4},{"damage":20,"enemies":"Spheric Guardian","floor":22,"turns":5},{"damage":16,"enemies":"Centurion and Healer","floor":24,"turns":10},{"damage":19,"enemies":"Slavers","floor":25,"turns":8},{"damage":6,"enemies":"Chosen and Byrds","floor":30,"turns":6},{"damage":88,"enemies":"Gremlin Leader","floor":31,"turns":10}],"seed_played":"-4386455329886127140","potions_obtained":[{"floor":3,"key":"GamblersBrew"},{"floor":5,"key":"PowerPotion"},{"floor":10,"key":"SmokeBomb"},{"floor":12,"key":"FearPotion"},{"floor":16,"key":"Swift Potion"},{"floor":30,"key":"Dexterity Potion"}],"is_trial":false,"path_per_floor":["M","?","M","?","M","R","E","R","T","E","M","?","R","M","R","B",null,"M","$","$","T","M","R","M","E","T","?","$","R","M","E"],"character_chosen":"DEFECT","items_purchased":["Whetstone","Glacier"],"campfire_rested":5,"item_purchase_floors":[19,28],"current_hp_per_floor":[64,64,64,57,57,57,16,37,44,24,22,22,45,24,47,3,59,33,33,33,33,13,36,20,1,1,17,17,40,34,0],"gold":41,"neow_bonus":"THREE_ENEMY_KILL","is_prod":false,"is_daily":false,"chose_seed":false,"campfire_upgraded":1,"win_rate":0,"timestamp":1618172700,"path_taken":["M","?","M","?","M","R","E","R","T","E","M","?","R","?","R","BOSS","M","?","$","?","M","R","M","E","T","?","$","R","M","E"],"build_version":"2020-12-22","purchased_purges":0,"victory":false,"max_hp_per_floor":[71,71,71,71,71,71,71,71,78,78,78,78,78,78,78,78,78,78,78,78,78,78,78,78,78,78,78,78,78,78,78],"card_choices":[{"not_picked":["Streamline","Compile Driver"],"picked":"BootSequence","floor":1},{"not_picked":["Sweeping Beam","Streamline"],"picked":"Genetic Algorithm","floor":3},{"not_picked":["Steam","Force Field"],"picked":"Go for the Eyes","floor":5},{"not_picked":["Sweeping Beam","Undo"],"picked":"Chill","floor":7},{"not_picked":["Streamline","Compile Driver"],"picked":"Loop","floor":10},{"not_picked":["Coolheaded","Hologram"],"picked":"Echo Form","floor":11},{"not_picked":["Chill","Turbo","Compile Driver"],"picked":"SKIP","floor":14},{"not_picked":["Fission","All For One"],"picked":"Core Surge","floor":16},{"not_picked":["Go for the Eyes","Streamline"],"picked":"Rip and Tear","floor":18},{"not_picked":["Chaos","Static Discharge+1"],"picked":"Buffer","floor":22},{"not_picked":["Scrape","Leap"],"picked":"Defragment+1","floor":24},{"not_picked":["Blizzard","Reprogram","Lockon+1"],"picked":"SKIP","floor":25},{"not_picked":["Sweeping Beam","Beam Cell"],"picked":"Conserve Battery","floor":30}],"player_experience":290540,"relics_obtained":[{"floor":7,"key":"Tiny Chest"},{"floor":9,"key":"Strawberry"},{"floor":10,"key":"Vajra"},{"floor":17,"key":"Lizard Tail"},{"floor":17,"key":"Bronze Scales"},{"floor":17,"key":"Pantograph"},{"floor":21,"key":"Orichalcum"},{"floor":25,"key":"Incense Burner"},{"floor":26,"key":"Bag of Marbles"}],"event_choices":[{"cards_removed":["Strike_B"],"damage_healed":0,"gold_gain":0,"player_choice":"Card Removal","damage_taken":0,"max_hp_gain":0,"max_hp_loss":0,"event_name":"The Cleric","floor":2,"gold_loss":75},{"cards_removed":["Defend_B"],"damage_healed":0,"gold_gain":0,"player_choice":"Card Removal","damage_taken":7,"max_hp_gain":0,"max_hp_loss":0,"event_name":"Golden Wing","floor":4,"gold_loss":0},{"damage_healed":0,"gold_gain":0,"player_choice":"Bought 1 Potion","damage_taken":0,"max_hp_gain":0,"max_hp_loss":0,"event_name":"The Woman in Blue","floor":12,"gold_loss":0},{"damage_healed":16,"gold_gain":0,"player_choice":"Heal","damage_taken":0,"max_hp_gain":0,"max_hp_loss":0,"event_name":"The Library","floor":27,"gold_loss":0}],"is_beta":false,"boss_relics":[{"not_picked":["SacredBark","Black Star"],"picked":"Calling Bell"}],"items_purged_floors":[],"is_endless":false,"potions_floor_spawned":[3,5,10,16,22,30],"killed_by":"Gremlin Leader","ascension_level":17}