{"gold_per_floor":[112,112,122,132,151,151,183,183,209,235,257,299,322,352,364,449,461,491,503,440,23,23,48,65,65,65,82,109,109,129,140,140,140],"floor_reached":33,"playtime":4205,"items_purged":["Strike_B"],"score":572,"play_id":"af626936-4ca5-4576-badb-84c4a30d7aa6","local_time":"20210410152417","is_ascension_mode":true,"campfire_choices":[{"data":"Beam Cell","floor":6.0,"key":"SMITH"},{"data":"Rip and Tear","floor":8.0,"key":"SMITH"},{"data":"Capacitor","floor":15.0,"key":"SMITH"},{"floor":25,"key":"REST"},{"floor":32,"key":"REST"}],"neow_cost":"NONE","seed_source_timestamp":18868510320100,"circlet_count":0,"master_deck":["AscendersBane","Strike_B+1","Defend_B+1","Defend_B+1","Defend_B+1","Defend_B+1","Zap","Dualcast","Reinforced Body+1","Beam Cell+1","Cold Snap","Rip and Tear+1","Glacier","Capacitor+1","BootSequence","Multi-Cast+1","Ball Lightning","Glacier","Darkness","Doom and Gloom"],"special_seed":0,"relics":["Cracked Core","PreservedInsect","Oddly Smooth Stone","DataDisk","MawBank","Happy Flower","Black Star","War Paint","OrangePellets","Du-Vu Doll","Toy Ornithopter","Bottled Lightning","Toxic Egg 2","Gambling Chip"],"potions_floor_usage":[16,23,23,27,31],"damage_taken":[{"damage":3.0,"enemies":"Small Slimes","floor":1.0,"turns":3.0},{"damage":2.0,"enemies":"Cultist","floor":3.0,"turns":4.0},{"damage":5.0,"enemies":"Jaw Worm","floor":4.0,"turns":3.0},{"damage":1.0,"enemies":"Looter","floor":5.0,"turns":3.0},{"damage":9.0,"enemies":"3 Sentries","floor":7.0,"turns":6.0},{"damage":7.0,"enemies":"Gremlin Nob","floor":10.0,"turns":3.0},{"damage":2.0,"enemies":"Lots of Slimes","floor":11.0,"turns":4.0},{"damage":2.0,"enemies":"Lagavulin","floor":12.0,"turns":4.0},{"damage":0.0,"enemies":"Large Slime","floor":13.0,"turns":5.0},{"damage":0.0,"enemies":"Looter","floor":14.0,"turns":2.0},{"damage":18,"enemies":"Slime Boss","floor":16,"turns":11},{"damage":17,"enemies":"Shell Parasite","floor":18,"turns":7},{"damage":13,"enemies":"Slavers","floor":23,"turns":5},{"damage":11,"enemies":"3 Byrds","floor":24,"turns":9},{"damage":18,"enemies":"Cultist and Chosen","floor":27,"turns":8},{"damage":14,"enemies":"Book of Stabbing","floor":28,"turns":6},{"damage":6,"enemies":"Snake Plant","floor":30,"turns":6},{"damage":5,"enemies":"Centurion and Healer","floor":31,"turns":5},{"damage":32,"enemies":"Collector","floor":33,"turns":11}],"seed_played":"-2679240758086015919","potions_obtained":[{"floor":4.0,"key":"Fire Potion"},{"floor":5.0,"key":"Dexterity Potion"},{"floor":7.0,"key":"CultistPotion"},{"floor":12.0,"key":"PotionOfCapacity"},{"floor":18,"key":"Fire Potion"},{"floor":24,"key":"Explosive Potion"},{"floor":28,"key":"EssenceOfDarkness"}],"is_trial":false,"path_per_floor":["M","?","M","M","M","R","E","R","T","E","M","E","M","M","R","B",null,"M","?","?","$","?","E","M","R","T","M","E","?","M","M","R","B"],"character_chosen":"DEFECT","items_purchased":["Ball Lightning","War Paint","OrangePellets"],"campfire_rested":2,"item_purchase_floors":[21,21,21],"current_hp_per_floor":[61,61,59,54,53,53,44,44,44,37,35,33,33,33,33,15,57,40,40,40,40,40,27,16,37,37,24,10,10,4,4,25,0],"gold":140,"neow_bonus":"RANDOM_COMMON_RELIC","is_prod":false,"is_daily":false,"chose_seed":false,"campfire_upgraded":3,"win_rate":0,"timestamp":1618086257,"path_taken":["M","?","M","?","M","R","E","R","T","E","M","E","M","M","R","BOSS","M","?","?","$","?","E","?","R","T","M","E","?","M","M","R","BOSS"],"build_version":"2020-12-22","purchased_purges":1,"victory":false,"max_hp_per_floor":[71,71,71,71,71,71,71,71,71,71,71,71,71,71,71,71,71,71,71,71,71,71,71,71,71,71,71,71,71,71,71,71,71],"card_choices":[{"not_picked":["Turbo","Redo","Hologram"],"picked":"SKIP","floor":1.0},{"not_picked":["Go for the Eyes","Gash"],"picked":"Reinforced Body","floor":3.0},{"not_picked":["Hologram","Stack"],"picked":"Beam Cell","floor":4.0},{"not_picked":["Steam","Turbo"],"picked":"Cold Snap","floor":5.0},{"not_picked":["Beam Cell","Capacitor"],"picked":"Rip and Tear","floor":7.0},{"not_picked":["Sweeping Beam","Coolheaded"],"picked":"Glacier","floor":10.0},{"not_picked":["Hologram","Coolheaded","Skim"],"picked":"SKIP","floor":11.0},{"not_picked":["Consume","Steam"],"picked":"Capacitor","floor":12.0},{"not_picked":["Recycle","Tempest"],"picked":"BootSequence","floor":13.0},{"not_picked":["Capacitor","Darkness","Conserve Battery"],"picked":"SKIP","floor":14.0},{"not_picked":["Seek","Hyperbeam"],"picked":"Multi-Cast","floor":16},{"not_picked":["Heatsinks","Barrage","Turbo"],"picked":"SKIP","floor":18},{"not_picked":["Rebound","Auto Shields","Conserve Battery"],"picked":"SKIP","floor":23},{"not_picked":["Go for the Eyes","Aggregate"],"picked":"Darkness","floor":24},{"not_picked":["Hologram","Coolheaded","Go for the Eyes"],"picked":"SKIP","floor":27},{"not_picked":["Barrage","Rip and Tear+1","Cold Snap"],"picked":"SKIP","floor":28},{"not_picked":["Streamline","Cold Snap","Reprogram+1"],"picked":"SKIP","floor":30},{"not_picked":["Loop","Steam Power+1"],"picked":"Doom and Gloom","floor":31}],"player_experience":285091,"relics_obtained":[{"floor":7.0,"key":"Oddly Smooth Stone"},{"floor":9.0,"key":"DataDisk"},{"floor":10.0,"key":"MawBank"},{"floor":12.0,"key":"Happy Flower"},{"floor":23,"key":"Du-Vu Doll"},{"floor":23,"key":"Toy Ornithopter"},{"floor":26,"key":"Bottled Lightning"},{"floor":28,"key":"Toxic Egg 2"},{"floor":28,"key":"Gambling Chip"}],"event_choices":[{"cards_removed":["Strike_B"],"damage_healed":0.0,"max_hp_gain":0.0,"max_hp_loss":0.0,"gold_gain":0.0,"event_name":"Purifier","player_choice":"Purged","floor":2.0,"gold_loss":0.0,"damage_taken":0.0},{"damage_healed":0,"gold_gain":0,"player_choice":"Ignored","damage_taken":0,"max_hp_gain":0,"max_hp_loss":0,"event_name":"The Mausoleum","floor":19,"gold_loss":0},{"cards_removed":["Strike_B"],"damage_healed":0,"gold_gain":0,"player_choice":"Gave Gold","damage_taken":0,"max_hp_gain":0,"max_hp_loss":0,"event_name":"Beggar","floor":20,"gold_loss":75},{"damage_healed":0,"gold_gain":0,"player_choice":"Copied","damage_taken":0,"max_hp_gain":0,"max_hp_loss":0,"event_name":"Duplicator","floor":22,"gold_loss":0,"cards_obtained":["Glacier"]},{"damage_healed":0,"gold_gain":0,"player_choice":"Simplicity","damage_taken":0,"max_hp_gain":0,"max_hp_loss":0,"event_name":"Back to Basics","floor":29,"gold_loss":0,"cards_upgraded":["Strike_B","Defend_B","Defend_B","Defend_B","Defend_B"]}],"is_beta":false,"boss_relics":[{"not_picked":["Tiny House","SacredBark"],"picked":"Black Star"}],"items_purged_floors":[21],"is_endless":false,"potions_floor_spawned":[4,5,7,12,14,18,24,28],"killed_by":"Collector","ascension_level":17}