{"gold_per_floor":[109,109,135,24,41,72,72,103,149,178,188,207,54,84,84,156,156,167,179,195,195,205,205,232,232,256,268,56,56,71,101,113,125],"floor_reached":33,"playtime":1909,"items_purged":["Strike_B","Defend_B+1"],"score":592,"play_id":"86d72111-d6f0-4145-9860-c58b8eb07e64","local_time":"20210422215332","is_ascension_mode":true,"campfire_choices":[{"data":"Beam Cell","floor":7,"key":"SMITH"},{"data":"Chill","floor":15,"key":"SMITH"},{"floor":23,"key":"REST"},{"floor":25,"key":"REST"},{"floor":32,"key":"REST"}],"neow_cost":"NONE","seed_source_timestamp":14142181984200,"circlet_count":0,"master_deck":["AscendersBane","Strike_B+1","Strike_B+1","Strike_B+1","Defend_B+1","Defend_B+1","Defend_B+1","Zap","Dualcast","Beam Cell+1","Genetic Algorithm","Ball Lightning","Electrodynamics","Streamline","Glacier","Lockon","Core Surge","Chill+1","Multi-Cast","CurseOfTheBell","Defragment","Conserve Battery","Leap","Fusion","Buffer","Biased Cognition"],"relics":["Cracked Core","NeowsBlessing","Lantern","Happy Flower","Centennial Puzzle","War Paint","Pear","Juzu Bracelet","Calling Bell","Smiling Mask","Shuriken","Emotion Chip","Red Mask","Boot","Sling","MawBank"],"potions_floor_usage":[10,12,16,20,33],"damage_taken":[{"damage":0,"enemies":"Small Slimes","floor":1,"turns":1},{"damage":0,"enemies":"Jaw Worm","floor":5,"turns":1},{"damage":0,"enemies":"3 Sentries","floor":6,"turns":1},{"damage":17,"enemies":"Lagavulin","floor":8,"turns":5},{"damage":2,"enemies":"3 Sentries","floor":10,"turns":3},{"damage":0,"enemies":"Cultist","floor":11,"turns":2},{"damage":0,"enemies":"Large Slime","floor":12,"turns":3},{"damage":11,"enemies":"Lagavulin","floor":14,"turns":3},{"damage":27,"enemies":"Hexaghost","floor":16,"turns":8},{"damage":22,"enemies":"Spheric Guardian","floor":18,"turns":6},{"damage":12,"enemies":"3 Byrds","floor":19,"turns":4},{"damage":15,"enemies":"Centurion and Healer","floor":20,"turns":5},{"damage":5,"enemies":"Cultist and Chosen","floor":22,"turns":5},{"damage":31,"enemies":"Masked Bandits","floor":24,"turns":5},{"damage":4,"enemies":"Snecko","floor":27,"turns":5},{"damage":5,"enemies":"Shelled Parasite and Fungi","floor":30,"turns":5},{"damage":16,"enemies":"Slavers","floor":31,"turns":6},{"damage":69,"enemies":"Champ","floor":33,"turns":9}],"seed_played":"4235445691000419697","potions_obtained":[{"floor":6,"key":"Dexterity Potion"},{"floor":8,"key":"Explosive Potion"},{"floor":10,"key":"Energy Potion"},{"floor":16,"key":"PotionOfCapacity"},{"floor":18,"key":"SteroidPotion"},{"floor":22,"key":"FearPotion"},{"floor":27,"key":"FairyPotion"}],"is_trial":false,"path_per_floor":["M","?","T","$","M","E","R","E","T","E","M","M","$","E","R","B",null,"M","M","M","?","M","R","?","R","T","M","$","?","M","E","R","B"],"character_chosen":"DEFECT","items_purchased":["Genetic Algorithm","Core Surge","Sling"],"campfire_rested":3,"item_purchase_floors":[4,13,28],"current_hp_per_floor":[64,69,69,69,69,69,69,52,52,60,60,60,60,49,49,22,70,48,36,21,21,16,41,10,35,35,31,31,31,26,10,35,0],"gold":125,"neow_bonus":"THREE_ENEMY_KILL","is_prod":false,"is_daily":false,"chose_seed":false,"campfire_upgraded":2,"win_rate":0,"timestamp":1619146412,"path_taken":["M","?","?","$","M","E","R","E","T","E","M","M","$","E","R","BOSS","M","M","M","?","M","R","?","R","T","M","$","?","M","E","R","BOSS"],"build_version":"2020-12-22","purchased_purges":2,"victory":false,"max_hp_per_floor":[71,76,76,76,76,76,76,76,76,86,86,86,86,86,86,86,86,86,86,86,86,86,86,86,86,86,86,86,86,86,86,86,86],"card_choices":[{"not_picked":["Gash","Stack"],"picked":"Beam Cell","floor":1},{"not_picked":["Barrage","Coolheaded"],"picked":"Ball Lightning","floor":5},{"not_picked":["Barrage","Rebound"],"picked":"Electrodynamics","floor":6},{"not_picked":["Gash","Conserve Battery"],"picked":"Streamline","floor":8},{"not_picked":["Go for the Eyes","Melter"],"picked":"Glacier","floor":10},{"not_picked":["Sweeping Beam","Barrage"],"picked":"Lockon","floor":11},{"not_picked":["Lockon","Sweeping Beam","Recycle"],"picked":"SKIP","floor":12},{"not_picked":["Blizzard","Double Energy"],"picked":"Chill","floor":14},{"not_picked":["Electrodynamics","Machine Learning"],"picked":"Multi-Cast","floor":16},{"not_picked":["Rebound","White Noise"],"picked":"Defragment","floor":18},{"not_picked":["Gash","Cold Snap+1"],"picked":"Conserve Battery","floor":19},{"not_picked":["White Noise","Chill"],"picked":"Leap","floor":20},{"not_picked":["Compile Driver","Sweeping Beam","Redo"],"picked":"SKIP","floor":22},{"not_picked":["Compile Driver","Beam Cell"],"picked":"Fusion","floor":24},{"not_picked":["Melter","Turbo"],"picked":"Buffer","floor":27},{"not_picked":["Blizzard","Gash","Streamline"],"picked":"SKIP","floor":30},{"not_picked":["Hologram","Force Field"],"picked":"Biased Cognition","floor":31}],"player_experience":319459,"relics_obtained":[{"floor":3,"key":"Lantern"},{"floor":6,"key":"Happy Flower"},{"floor":8,"key":"Centennial Puzzle"},{"floor":9,"key":"War Paint"},{"floor":10,"key":"Pear"},{"floor":14,"key":"Juzu Bracelet"},{"floor":17,"key":"Smiling Mask"},{"floor":17,"key":"Shuriken"},{"floor":17,"key":"Emotion Chip"},{"floor":24,"key":"Red Mask"},{"floor":26,"key":"Boot"},{"floor":31,"key":"MawBank"}],"event_choices":[{"damage_healed":0,"gold_gain":0,"player_choice":"Donut","damage_taken":0,"max_hp_gain":5,"max_hp_loss":0,"event_name":"Big Fish","floor":2,"gold_loss":0},{"damage_healed":0,"gold_gain":0,"player_choice":"Simplicity","damage_taken":0,"max_hp_gain":0,"max_hp_loss":0,"event_name":"Back to Basics","floor":21,"gold_loss":0,"cards_upgraded":["Strike_B","Strike_B","Strike_B","Defend_B","Defend_B"]},{"damage_healed":0,"gold_gain":0,"player_choice":"Fought Bandits","damage_taken":0,"max_hp_gain":0,"max_hp_loss":0,"event_name":"Masked Bandits","floor":24,"gold_loss":0},{"damage_healed":0,"gold_gain":0,"player_choice":"Ignored","damage_taken":0,"max_hp_gain":0,"max_hp_loss":0,"event_name":"The Mausoleum","floor":29,"gold_loss":0}],"is_beta":false,"boss_relics":[{"not_picked":["Sozu","Coffee Dripper"],"picked":"Calling Bell"}],"items_purged_floors":[4,28],"is_endless":false,"potions_floor_spawned":[6,8,10,16,18,22,27,30],"killed_by":"Champ","ascension_level":17}